id,price,qty,base_qty,time,is_buyer_maker,volatility,skew,kurtosis
671893184,26924.94531,56.53429794,0.05671680719,1697394720768,0.6921743751,0.3172324002,0.1279840916,-1.315523744
671906880,26930.16016,-75.55552673,0.2559792995,1697401929728,0.8197080493,0.6009404659,-0.4141854346,9.106826782
671907840,26952.51758,69.98866272,0.3807162941,1697399570432,1.009535074,0.6993675828,0.3135053515,1.889891863
671898496,26920.13281,167.7009583,0.4798347652,1697388560384,0.7120643854,0.3434300423,0.1139827147,-1.13462615
671895808,26950.43555,168.5787201,0.4283207059,1697392361472,0.5223196745,0.3313112259,0.3945634663,-3.829963446
671900608,27003.60156,-187.0296021,-0.6569283605,1697414905856,0.8670805097,0.4950644076,0.2267900407,-3.601956129
671911680,27008.23828,-217.901474,-0.5156234503,1697406386176,1.17661047,0.5381609201,-0.4940585792,4.887649059
671911360,26897.33203,262.23703,1.335683227,1697389215744,0.8679257035,0.9015311599,0.01685110666,2.287312746
671903424,26926.82031,319.4315186,1.196467161,1697382400000,0.8484886885,0.5275007486,-0.06056349725,-1.128574371
671902464,26977.2207,385.5438538,1.214208722,1697385807872,0.7697179914,0.3144835234,0.2909399569,-3.755493402
671950656,27110.60156,573.2012939,1.297587633,1697412022272,1.196986675,-0.164147526,-0.6938067079,-6.619681835
671959616,27166.30273,-99.28057098,0.5526208282,1697408090112,0.5681790113,0.2180631459,-0.9815059304,10.1702776
671950848,27160.57813,308.3104553,0.9824408889,1697399701504,0.5879999399,0.1449863613,1.069095969,-1.779370666
671961280,27221.03906,86.02935791,-0.0326135084,1697405599744,0.7597501874,0.3093909621,0.6470121145,-4.063540936
671954112,27201.92578,449.0678101,1.420112133,1697400487936,0.539221704,0.3121826649,0.4491706192,-3.793383121
671956736,27217.08203,281.4179382,0.9066688418,1697414119424,0.6829280853,0.4081860781,0.3969533741,-4.348648548
671951872,27183.71875,-71.95805359,-0.1434289366,1697416740864,1.041650534,0.5451362729,-0.09277041256,1.595309973
671953024,27073.34961,110.1021576,0.623791337,1697409269760,1.059815407,0.9018954635,0.3536949158,4.22084713
671958016,27104.56836,401.3657837,1.463965893,1697399701504,0.8482410908,0.7272964716,0.2155228108,0.7798155546
671957952,27190.44336,530.6608887,1.640432477,1697399439360,0.7628566623,0.3071471155,-0.1116108373,-3.083099127
671946048,27141.85742,5.318752289,-0.05930688977,1697406386176,0.07789377123,0.3777765632,0.1384015381,1.057441235
671947072,27082.66211,-141.2389374,-0.380405575,1697405599744,0.4281809628,0.8370164037,-0.4296668172,7.476529598
671957824,26962.72852,127.1389465,0.360770613,1697423425536,1.511012912,1.354219556,0.1034740433,9.347343445
671947008,27027.64844,47.67307663,0.6792191267,1697416085504,1.126327276,0.6514727473,-0.1020079553,9.050205231
671967552,27156.11133,448.2371521,1.36200273,1697399701504,0.6840396523,0.2279372364,1.057547092,-1.458236098
671961472,27222.07031,398.5646973,0.945317626,1697407959040,1.053192019,0.3269730508,0.5153500438,-5.25387764
671969280,27271.09766,107.39431,0.07031232864,1697429848064,1.162724614,0.3770419657,0.5477567315,-6.132051468
671952128,27155.50391,-172.3084259,-0.3523800373,1697414512640,1.09625721,0.5072681308,-0.2699075043,6.093001842
671961152,27121.78711,296.9677734,1.041124344,1697406386176,0.9245096445,0.5126598477,1.058476806,1.996913671
671968064,27208.54883,495.2976379,1.362657785,1697402454016,0.9761449695,0.3217778206,0.03526701406,-2.195346594
671934720,27079.49805,49.36361694,-0.01241416205,1697407041536,0.4498941898,0.3531056941,0.2475966364,-0.4088720083
671920640,27003.12305,241.3148346,1.115838528,1697404157952,1.081646085,0.2192276418,-0.8774629831,4.116243362
671915136,27009.39258,-112.4285126,0.2844853103,1697402978304,0.8203033805,0.4132142663,-0.5992361903,6.116522789
671912896,26989.2207,211.7372437,0.7983782291,1697390657536,0.7870422006,0.3256025314,0.5291938186,-1.927603126
671906816,26996.14648,208.6274414,0.2998093665,1697396817920,1.290064335,0.5821734071,0.8102194667,-4.1291399
671905664,27017.94922,59.11792374,0.06846461445,1697410842624,1.285663009,0.4731570184,0.5544330478,-3.223733664
671909440,26982.78711,-139.862854,-0.247664541,1697405468672,1.127037287,0.522788763,-0.2819297016,3.234177828
671910016,26900.0957,465.1211548,1.939654112,1697384890368,0.8725451231,0.7445172668,0.338937968,-0.04700490087
671900096,26917.27539,384.3105469,1.360722184,1697383448576,0.9347807169,0.5764710307,0.4361830354,-1.874556184
671893376,26949.97656,321.9364014,0.9859268069,1697391312896,1.057899237,0.5129451156,0.9022194147,-3.42931962
671915584,26998.89648,119.8525543,0.2057163864,1697407827968,0.9107717872,0.3432177305,0.3070100546,-2.200561523
671936128,27094.24023,181.7299957,1.260210633,1697399701504,0.8776621819,-0.04344854504,-1.098444343,6.189003468
671929728,27130.24023,-33.40014267,0.1436942071,1697412153344,1.234737039,0.2531962991,0.2847900093,2.604962587
671939712,27128.92578,264.4055176,0.6206248999,1697398652928,1.051264405,0.2101496458,0.7920165658,-3.541249752
671951936,27163.40234,223.1989441,0.1007391587,1697408745472,1.36194253,0.4815925658,1.191594958,-6.028469086
671961024,27236.82227,96.90074158,0.1449243128,1697422639104,1.127435207,0.2629760504,0.4428830445,-4.672036171
671948224,27159.4082,-187.4780579,-0.4049299359,1697414643712,1.128296614,0.4356778264,-0.03699655458,4.346979618
671954496,27122.9668,287.107605,1.024192572,1697404813312,0.9966965318,0.4994337559,0.9708117843,1.069461465
671958656,27177.14648,378.1524048,0.8787057996,1697401274368,1.066762567,0.378852576,0.1097299308,-2.658670187
671971264,27301.86523,135.4620514,-0.08922003955,1697429585920,1.495094776,0.5002277493,1.19932878,-6.974234581
671859904,26851.98047,-40.48314667,-0.1528153569,1697378336768,0.7756926417,0.2755775452,-0.3028842807,-1.838122368
671870592,26878.50195,-78.16949463,0.3401443064,1697380433920,0.9348148108,0.2107248455,-1.466947198,6.347238541
671877248,26866.02734,372.2367554,1.582916975,1697369948160,0.7631264329,0.422860384,-0.1567499042,-0.7774391174
671869632,26852.625,190.1183167,0.6737300158,1697375059968,0.8471058011,0.319810003,0.5709736347,-2.149201393
671878016,26886.29688,342.4757385,1.213500857,1697376108544,0.7546043992,0.2348752916,0.5226894617,-2.110684395
671872896,26884.11328,164.2021332,0.6418295503,1697379647488,0.6169615388,0.26879251,0.5586492419,-2.09482646
671880768,26902.12305,104.6597214,0.4467326105,1697386725376,0.9135736227,0.4380770326,0.6115763783,-1.152108192
671886784,26821.56836,-88.0675354,0.03244353458,1697388429312,0.9576404691,0.9205128551,0.9781361222,2.24111104
671895808,26807.74805,192.0568695,1.093008876,1697381744640,0.8875327706,0.987845242,1.115703464,0.9148718715
671881920,26785.35742,253.2086945,1.184408188,1697375977472,0.8181980848,0.7323995829,1.153238416,-0.5138294101
671934400,27106.48633,-30.33075905,-0.065629825,1697408090112,0.02044820786,0.4352968037,-0.05001975968,3.105079651
671937280,27132.99805,-43.5239563,-0.09402345121,1697400094720,0.016437307,0.2994832993,-0.4040355086,2.256624699
671939904,27138.32813,19.43466949,0.05577254668,1697397342208,-0.04706661776,0.1928889602,-0.7218073606,-1.195633173
671938496,27115.97852,-117.4402161,-0.2776459455,1697389477888,0.1104852259,0.3210384548,-0.9901621342,3.822062016
671949824,27016.44727,-238.9288635,-0.5779802799,1697419231232,0.9398441911,1.208301187,-0.4111636281,11.7670908
671955776,26984.63281,107.1605835,0.6247575879,1697403109376,0.4992750585,1.008472919,0.5384013653,6.222856522
671947968,27091.37305,-6.653171062,-0.1462573409,1697397473280,-0.04817134514,0.4174098372,-0.8239857554,1.241276979
671951360,27172.56641,67.68351746,0.1656377912,1697403764736,-0.1550085694,0.2960692048,-0.812687397,-1.517845154
671946048,27168.78516,40.70993423,0.1331649125,1697409662976,-0.146905899,0.1550485641,-1.097287178,-3.842892408
671936512,27165.66406,-84.37214661,-0.1971980035,1697403502592,-0.08594329655,0.08815535158,-1.348848224,-1.472414255
671955840,27170.61133,59.5103302,-0.0149209667,1697411235840,0.3017174602,0.3653572202,0.2041458637,-0.4906122386
671952896,27109.60547,-202.6455383,-0.4986830056,1697413857280,0.7195858359,0.8292577863,-0.2648045421,8.401361465
671950272,27028.31445,-100.8504944,-0.172033146,1697424211968,1.233898759,1.105396509,0.604088068,7.721927166
671950848,27043.19727,155.0343475,0.4590947926,1697401667584,0.4731170535,0.5679427385,0.2949631512,1.249092698
671936576,27086.26367,44.61911011,0.02708237804,1697395769344,-0.01201811805,0.2044871151,-0.7148085833,-1.375479937
671939200,27147.25,98.64824677,0.3257635832,1697406255104,-0.09718871117,0.2726406157,-0.7511417866,-2.678104877
671934720,27147.69141,4.841151237,0.1006531492,1697409662976,-0.09801664948,0.2119974792,-1.244310737,-2.004546642
671929152,27133.07813,-61.90323639,-0.05540654436,1697407303680,-0.08327020705,0.1211006641,-1.618607521,-0.3234633803
671925376,27101.53516,-14.40192413,0.1503890455,1697401274368,-0.06430102885,0.1540094316,-1.744624496,2.311177731
671922432,27060.23633,30.41087723,0.3436901569,1697396555776,-0.05302515998,0.3161264062,-1.571583748,4.97822237
671839872,26801.46484,-39.95629883,-0.06331886351,1697351073792,0.3711783886,0.1752321124,-0.8979308605,-0.5630638003
671828224,26761.75977,442.9470825,2.051513433,1697364180992,1.225577593,-0.1685146689,-1.810752273,1.132041216
671829056,26779.63281,174.2231598,1.584656477,1697368768512,0.9143369794,-0.581682384,-2.922926188,6.002476215
671833024,26746.38867,359.8609009,1.626567841,1697345044480,0.8048139811,0.2532896399,-0.8725956678,-3.734865665
671826624,26710.89844,204.9342804,0.6470698118,1697354219520,1.203028679,0.3588751554,0.5642683506,-5.09612751
671845888,26777.44727,285.3161926,0.9265502095,1697366409216,1.173934102,0.3406752348,0.8097817302,-4.34297657
671855296,26799.50195,123.6442108,0.4745859802,1697378074624,1.253996611,0.4229051769,0.771571517,-2.189547539
671871808,26812.85742,39.60150909,0.3443159461,1697386070016,1.351246476,0.691211462,0.7382791638,-0.3546432257
671875008,26777.07617,251.5558319,1.150874138,1697377550336,1.158225775,0.7725563049,0.9206044078,-1.090307117
671867968,26733.43555,244.4203339,1.127640486,1697370996736,1.059071064,0.7025474906,1.096793294,-1.805043221
671863680,26845.31641,76.06291199,0.1305490434,1697386594304,1.089754581,0.3059207201,-0.2054406852,-3.190315723
671846208,26829.64453,227.8516541,1.858687997,1697375191040,0.7644230723,-0.5449407697,-2.479534149,6.279655933
671841536,26813.12695,135.0737,1.066229701,1697372045312,0.9924545288,0.261533469,-1.540316701,1.242335439
671837184,26729.99023,334.7418518,1.392958403,1697356578816,1.017156363,0.2094895542,-0.1724086702,-4.186593533
671847680,26769.06445,304.3837891,0.994343996,1697367851008,1.140062213,0.3526170254,0.5015476942,-3.613231897
671858752,26817.49219,258.6550293,0.8326119781,1697377288192,1.161562204,0.3789090216,0.6034908295,-2.829014063
671866048,26816.86914,14.93587589,0.1556391418,1697386594304,1.208261967,0.5892385244,0.5969363451,-0.4644438326
671880128,26793.60156,65.15285492,0.5370342731,1697383186432,1.072684169,0.8039355278,0.6575136185,0.3352402449
671877312,26754.9082,267.7973633,1.257643342,1697372700672,0.9552972913,0.7688555121,0.908017993,-1.273505807
671862528,26762.81641,222.4707794,0.8810235262,1697372176384,0.9185654521,0.5028779507,0.8358718753,-2.815463066
671915712,27010.18945,-25.1006794,-0.08742450923,1697395900416,0.0888929069,0.3738675117,0.1292965114,1.42414248
671905664,26927.08398,-98.50286865,-0.04361548647,1697397866496,0.2442997992,0.687797308,-0.3830153048,8.944615364
671910528,26862.46094,-98.30815125,-0.06562624127,1697416085504,1.292481422,1.375585794,0.4124650955,8.561229706
671918400,26874.4043,270.4024048,0.9372190833,1697407172608,1.645446301,0.93740201,-0.2551130354,3.709365129
671926912,26994.58398,366.3591614,1.393360019,1697388167168,0.8639997244,0.4113162756,0.6096355319,-0.7747833729
671924096,27026.98047,475.7350464,1.479017496,1697386987520,0.8374755979,0.1824109852,0.3440662026,-3.832844257
671930176,27056.18359,236.0670013,0.7440735698,1697403240448,0.8219617605,0.4213160276,0.7191876769,-5.392661572
671922624,27028.96875,55.53969193,0.349165082,1697397997568,0.7059497833,0.4363040626,-0.003343958175,-0.4233960509
671925312,26961.98828,132.4084778,0.787096262,1697395507200,0.7935476899,0.7923268676,0.09280890226,3.358189583
671929408,26913.47852,164.7671051,0.8936080337,1697393541120,0.7786113024,1.024607539,0.5511167645,2.02918601
671931904,27020.25195,680.3666992,1.652364135,1697407172608,1.277847767,-0.2803393006,-0.8414178491,-7.101252079
671951424,27173.60547,-56.70452118,1.061683059,1697401667584,0.417791158,0.04446732253,-1.019448042,10.75818253
671946496,27176.18555,241.9363098,0.6952382326,1697397604352,0.6506586075,0.06150363386,1.243603349,-2.507799864
671947776,27159.75781,-106.2182083,-1.151415467,1697408483328,1.400758386,0.5707731247,0.5037815571,-5.092187405
671963584,27241.33594,64.56395721,-0.3548049033,1697421066240,1.374248624,0.3825720847,0.6969853044,-5.505662441
671952320,27145.10352,-115.7288971,0.05509715527,1697416216576,0.9884870648,0.4211330116,-0.4550884962,6.321881771
671961280,27161.25,268.8861084,0.9044190645,1697404944384,0.8905395865,0.3794128895,1.416170955,0.3354641497
671977728,27241.9668,209.4244537,0.2420480698,1697409531904,1.052639604,0.4785288274,0.5384500027,-3.026861429
671971776,27275.33398,325.6434021,0.6948078275,1697419624448,1.155314088,0.5765077472,1.132803202,-5.828541756
671965632,27251.15039,-47.97128677,-0.1839375198,1697428275200,1.062007666,0.393575877,0.1429287791,-2.491710663
671886272,26918.21289,-43.10585785,-0.0465172492,1697378467840,0.02940855362,0.2542491555,-0.284648031,2.244906664
671901504,26933.8457,-49.43251801,-0.1540768147,1697388298240,0.01288923994,0.358748585,0.06055674702,2.793126583
671908096,26890.50586,-10.27747917,0.1368831545,1697386594304,0.08186289668,0.7733018994,-0.03742239997,7.040840626
671930816,26776.29102,-280.8752441,-0.5097484589,1697407827968,0.4296877384,1.800209403,0.7139063478,13.09360123
671937664,26742.99609,-458.6902161,-1.155889988,1697409400832,0.1446481794,1.9054178,1.22831738,10.80196381
671922368,26803.98438,-512.1849976,-1.646525741,1697399832576,-0.1631483287,1.203040481,0.6300956011,1.609572172
671904128,26962.57617,-165.641449,-0.5833448768,1697401274368,-0.1303714365,0.4023513496,-0.379267931,-3.281905174
671899648,27010.35742,-102.855072,-0.3074717522,1697407434752,-0.05788212642,0.1946212798,-0.787992835,-3.074494362
671898880,26984.79297,-24.13745499,0.04794982821,1697393541120,0.004691306502,0.1911678165,-1.077048182,2.73857522
671905280,26918.99219,-167.3193054,-0.3376566768,1697394327552,0.331546247,0.7577340007,-0.6400924921,5.995940208
671968448,27218.5957,143.9441833,-0.06558355689,1697420673024,0.8795110583,0.2336204052,-0.05012042448,-3.507769346
671969216,27185.60938,142.1280975,0.9992188811,1697403633664,0.7899001837,0.06947496533,-1.209781647,7.188234806
671959168,27223.05078,-185.9351349,-0.5398235917,1697419493376,1.100438595,0.3096306026,1.078305006,2.347914934
671978240,27275.46484,315.2398682,0.6215096116,1697410187264,0.9437636733,0.0345422402,1.44945991,-3.848067522
671974976,27288.99023,214.9443817,0.1315145195,1697418444800,1.34411478,0.5376988649,1.238774419,-5.85486269
671970112,27262.68164,34.13466644,-0.05504067615,1697422639104,1.019356132,0.3496496081,0.1905972809,-2.871592999
671958784,27165.76953,-96.23500824,-0.154999271,1697419624448,1.293720841,0.6552388072,0.1704014689,5.066616058
671965056,27141.0293,423.2591858,1.447309375,1697404026880,0.8755401969,0.4541723132,0.9462960958,1.097963214
671963136,27180.33984,342.8407898,0.6300777793,1697410056192,1.311984658,0.462395072,-0.3152735233,-2.779563904
671975296,27274.06641,128.3137665,0.1489888132,1697422770176,1.104577303,0.4468174279,0.4518791139,-3.383542299
671975680,27302.56836,-157.6483612,-0.5728361011,1697420148736,0.02424845845,0.5582516789,-0.01753535867,1.986449361
671955776,27232.25,-46.04273224,-0.05404613912,1697398784000,0.01320135966,0.4151751101,-0.9026347399,2.506352425
671961152,27251.82813,-107.1575775,-0.2572777867,1697397866496,-0.008226264268,0.2252012193,-1.026285529,1.149067521
671958400,27243.31641,-152.1724243,-0.3960387111,1697396555776,-0.01865879074,0.05041293427,-1.303220153,0.4418312311
671949440,27164.75586,-81.44546509,-0.1074817702,1697391706112,0.06426111609,0.1905205548,-1.301059246,4.149898052
671963584,27041.25391,-280.2832947,-0.6055383086,1697413857280,0.5386742353,1.190328717,-0.5983631611,11.46098232
671972032,26965.86719,-299.6535645,-0.6516205072,1697415954432,0.3633262217,1.489126444,0.6292492151,10.37714005
671955968,27069.1875,-207.9228516,-0.6914490461,1697401274368,-0.1264305115,0.6622694135,-0.416977644,3.215798378
671952640,27163.84375,19.11558533,0.07316847146,1697401667584,-0.1322034299,0.2700903416,-1.074638486,-0.8098338246
671957184,27229.58594,30.21648788,0.1668651253,1697412939776,-0.0968272388,0.137246266,-1.409354925,-2.386958361
671930048,27081.23633,1.315361261,0.05164139345,1697405599744,0.02015708759,0.428450942,-0.05350191519,2.712476015
671921216,27048.8125,48.66355133,0.2384987772,1697400750080,0.01493756846,0.2776600122,-0.4516072869,2.815778971
671920896,27054.33789,41.24555206,0.1812328845,1697400750080,-0.004779264331,0.2263290137,-0.4584539831,1.296874166
671915264,27033.51953,68.45765686,0.2793812752,1697396555776,-0.01619520411,0.1816746444,-0.7507181764,-0.47193712
671911104,27022.17969,20.93632126,0.1572142094,1697394851840,-0.01595596597,0.137785241,-1.043547153,0.3582831323
671906816,26976.4375,46.98045349,0.3387029469,1697385938944,-0.004791051149,0.2858195901,-1.0460006,4.433720589
671914240,26859.21875,-91.34778595,0.0480635874,1697396817920,0.09254297614,1.064430594,-0.1697160006,7.750369072
671919808,26787.34766,-232.4302216,-0.3802959323,1697399701504,0.07158906013,1.527995825,0.492113173,7.365840435
671911488,26830.98438,-189.6571198,-0.4765245318,1697393016832,-0.0867446363,1.163699389,0.1844797581,3.31380868
671907200,26918.49805,72.0202179,0.187920928,1697396686848,-0.09525859356,0.6076452136,0.0987624228,-1.466040373
671956224,27174.33203,63.21020889,-0.1501865387,1697413726208,0.6109505892,0.3675138652,0.1405098289,-1.409505725
671976192,27197.60547,311.0001831,0.9564320445,1697404682240,1.067164063,-0.06261572242,-1.462910295,1.81438756
671959552,27201.2793,-274.3931885,-0.5676853061,1697409662976,0.9018668532,0.3472116292,-0.04041178897,6.073246956
671958144,27204.18164,255.45784,0.6171525717,1697404551168,0.882401228,0.1249034554,1.26315403,-2.06847024
671965696,27197.58984,61.21175003,-0.713891983,1697416085504,1.625382185,0.6230002046,0.2819970548,-4.457880497
671982784,27304.14063,52.01674271,-0.0006770072505,1697426046976,0.9508361816,-0.1363862306,-0.5182840228,-5.666650295
671951808,27160.11133,-275.7026062,-0.6721671224,1697412677632,0.9371649027,0.49007985,-0.1772237718,7.336680412
671958592,27200.02344,273.9718018,0.6672857404,1697408221184,1.073130965,0.243067205,1.258224487,-1.488187551
671970240,27232.15039,333.722168,0.5625368953,1697408090112,1.199405193,0.4351813197,0.7483983636,-4.368985653
671981248,27320.63281,63.61743927,-0.1511941403,1697434566656,1.281398535,0.3569724262,0.6343902349,-6.578669548
671919744,27054.22656,-49.04133987,-0.1136166528,1697399177216,0.01967703179,0.3318025172,-0.1732358485,2.869204521
671928768,27082.41211,-98.52333832,-0.3305875659,1697394720768,0.001831177622,0.2484089881,-0.3484471142,1.583506346
671928960,27084.66016,-68.21759796,-0.2294407487,1697387905024,-0.01642259583,0.2067427784,-0.7000684142,0.9029202461
671945728,27016.81055,-191.6306152,-0.3305364251,1697407172608,0.4619205296,1.077842355,-0.588760674,12.09630203
671958272,26926.16797,-245.88591,-0.440923363,1697417789440,0.7434003353,1.512623429,0.6118365526,11.75032806
671939904,26971.54492,-235.0556641,-0.787299931,1697397604352,-0.0741160661,0.7736721039,-0.3257738948,3.782773733
671930752,27061.49805,-127.5640717,-0.5051587224,1697396686848,-0.1851195842,0.284730792,-0.9028215408,-1.202716589
671932544,27120.20313,-72.29644775,-0.283408165,1697408090112,-0.175058797,0.1688476205,-0.9409725666,-4.666862488
671927424,27123.27539,-72.57120514,-0.156584993,1697406779392,-0.1030630916,0.09696639329,-1.402385235,-1.9217453
671923328,27069.67969,-55.53007507,0.02919032983,1697391575040,0.01225671172,0.2685364485,-1.473151803,4.736608505
671859968,26837.67969,-66.91942596,-0.08548170328,1697360642048,0.05493432656,0.1847934127,-0.6723306775,1.731505871
671848064,26778.16406,2.485007763,0.2115875632,1697355923456,0.1224044859,0.3039681911,-0.7255990505,3.662525415
671863360,26759.74414,-4.917805195,0.1780323237,1697371783168,0.3979779482,0.6449818611,-0.04639716819,4.766789436
671877952,26768.21094,8.607975006,0.2099227905,1697378729984,0.357930392,0.7010498047,0.6249575615,3.381162405
671869248,26792.00586,-49.79927826,-0.1484681368,1697378467840,0.1747760177,0.3819800913,0.3032017648,2.093346119
671861824,26812.06445,-123.8243561,-0.4422591925,1697382793216,0.02863474004,0.2599689364,0.1955667734,1.300576687
671860416,26832.17773,-115.1726913,-0.3950490057,1697387511808,-0.01337248459,0.2520976961,-0.007793356664,1.479135394
671863808,26821.24023,-133.7345123,-0.4079838693,1697382662144,-0.01046401635,0.2855933607,0.009006456472,3.887465477
671869248,26748.43945,-222.144516,-0.6185373664,1697386987520,0.06737741083,0.6197934151,0.7103902698,6.193984985
671881472,26700.25195,-165.7335358,-0.3278326988,1697389871104,0.1254538894,0.962531805,1.253837109,5.921909809
671945920,27142.03516,-85.42720795,-0.2716150284,1697408483328,0.01895003393,0.4878379405,0.1617107838,3.244452238
671939904,27105.36914,-58.88312531,-0.09043011069,1697400750080,0.01169038564,0.4401398599,-0.2867742181,4.226025105
671938560,27095.43555,-59.38454437,-0.09634121507,1697391968256,-0.0004344210029,0.3524557352,-0.4873295426,3.072904587
671946112,27031.70703,-164.6204681,-0.3764594793,1697400619008,0.3310824335,0.8363528848,-0.5588616729,7.949544907
671958272,26938.17188,-210.2770996,-0.4674472511,1697421721600,1.159225702,1.529610515,0.2528575659,11.2710886
671955776,26964.02539,245.4671326,1.074082494,1697401929728,0.7009438872,0.9960046411,0.6126844883,4.981909752
671937600,27052.51953,88.90299988,0.1739206761,1697390788608,-0.009250324219,0.3064578176,-1.082992673,0.9914657474
671945664,27153.88867,112.7793884,0.3109553754,1697399439360,-0.1244729012,0.2142978907,-0.8139097095,-2.447525263
671950208,27198.57227,3.735246897,0.03704737127,1697407696896,-0.1181653738,0.1159910187,-0.9969158769,-2.722589016
671942976,27186.5332,-87.14810181,-0.2222936898,1697402716160,-0.08520136774,0.03366316482,-1.210421562,-1.346653342
671944768,27104.18945,371.7775269,0.6349535584,1697413595136,1.195359111,0.07016477734,-0.1796589494,-5.726895809
671954432,27168.48633,-44.67604828,0.763186574,1697403764736,0.5862307549,0.07872427255,-1.005290627,10.07061577
671947520,27188.32031,156.0874939,0.3821823299,1697403109376,0.8420537114,0.1840576977,1.297059417,-2.197713614
671956480,27181.35352,31.36506653,-0.5686229467,1697405599744,1.187782288,0.376380235,0.4465797246,-5.151184559
671967616,27274.89844,110.9285812,-0.2488594204,1697426702336,1.466376066,0.5548212528,1.324365497,-6.981950283
671953344,27172.7832,-107.3351135,-0.03085485846,1697414905856,0.9271466136,0.2792917192,-0.6087710261,5.066657066
671958592,27128.26563,211.9729156,0.7884801626,1697405337600,0.8133403659,0.4841177166,0.9346578717,1.936696649
671974656,27226.94922,231.2722473,0.4333116114,1697406910464,0.9446473122,0.4333813787,0.5004343987,-2.221595764
671967872,27271.1543,370.2938538,0.8957213163,1697413595136,1.056755781,0.4916083515,1.044354439,-5.4750247
671971264,27275.63477,89.21239471,0.1568738073,1697428013056,1.039217949,0.3812524378,0.2780613303,-4.192140579
671956928,27181.60156,-40.63591766,-0.3560683429,1697409662976,0.1674150079,0.3716982305,0.1515301168,0.3701722622
671973440,27189.55469,32.69005585,-0.2772537172,1697416216576,1.111167669,0.6077188849,-0.494256705,2.173171997
671960192,27120.51563,-59.81705093,0.5492858887,1697410318336,0.8078318834,0.4824633598,-0.7925385237,11.85233402
671958592,27205.61328,141.9202423,0.2363633364,1697416609792,1.313438177,0.2795923054,1.195251226,-0.9418994784
671973632,27224.79297,470.1046143,1.132284045,1697404813312,1.036103249,0.2297105342,0.8386467695,-3.711564302
671988096,27312.77539,441.8219604,1.084248662,1697423949824,1.090615749,0.493666023,0.9870029092,-6.013802528
671970240,27267.03125,-53.42798996,-0.179915309,1697425784832,1.089382887,0.3553817868,0.2597562671,-1.667912841
671971648,27157.55078,126.7794647,0.5803494453,1697415561216,1.078003168,0.6409513354,0.5517735481,5.081042767
671977152,27199.17773,459.3360291,1.399264336,1697405337600,0.8636000752,0.4084195197,0.8477951288,-0.5492724776
671979392,27257.58594,545.8326416,1.667157769,1697404682240,0.6942890286,0.3154225945,-0.05532687902,-2.719918489
671961088,27198.30859,-18.93387985,-0.34753263,1697411891200,0.262457341,0.310390383,-0.004912360571,-0.6946445704
671964736,27149.52344,-145.2874908,-0.4900482595,1697413857280,0.9242001176,0.8427864909,-0.5148966312,7.638442993
671958464,27048.56055,-11.00454903,0.1852586418,1697424080896,1.331494451,1.041537642,0.3265117705,9.001505852
671956416,27113.03516,384.2822266,1.19759357,1697406255104,1.05904448,0.4123658538,0.6058064699,0.08765289932
671959168,27169.88672,431.1923828,0.887842834,1697407303680,1.316752672,0.3234995306,-0.0849442333,-4.15075779
671974336,27268.74219,122.788765,0.3078517616,1697420935168,0.9549438953,0.2950859666,0.3143679798,-3.276079893
671960128,27143.44531,-120.574852,-0.2253510505,1697418182656,1.152303338,0.7290058732,0.2721342146,6.272305489
671963840,27118.8457,486.4285278,1.660128593,1697402978304,0.8805468082,0.4739336669,0.9552163482,1.111037374
671972992,27230.01758,629.3235474,1.898821354,1697401143296,0.8528419733,0.2519938648,-0.1447016746,-2.385582685
671978304,27332.25977,260.9196167,0.5063872933,1697426440192,1.208834052,0.4216982722,0.9372438192,-6.291569233
671867968,26870.02344,-123.1391983,-0.2687624395,1697364312064,0.02122308314,0.1919567138,-0.6655982733,2.774868965
671855232,26809.42188,5.010978699,0.1006190926,1697361035264,0.03870550543,0.2283681035,-0.6306377649,2.297168016
671868544,26810.625,-37.04328537,-0.02741543762,1697376239616,0.3015713692,0.4550634027,-0.2376119792,4.836768627
671887232,26803.32422,-38.63319778,0.1559171677,1697392623616,0.974463582,1.046708584,0.7214531898,4.592812538
671894784,26794.36328,257.6125488,1.20585525,1697380433920,0.740781188,0.8325608373,1.070145607,1.608498454
671871360,26806.41992,81.15196228,0.275903672,1697376239616,0.3013428748,0.3673989475,0.4838794172,0.2314959615
671863360,26820.00977,22.73562431,0.01216485724,1697379778560,0.06653996557,0.2949430645,0.3688533604,-1.243998408
671861568,26823.40234,-39.03969574,-0.1469324231,1697385021440,0.009979680181,0.3214509189,0.1194347963,-0.1088425368
671861504,26807.87891,-141.3078613,-0.3696457148,1697380040704,0.01205970719,0.4031880498,-0.01186422724,3.756304026
671875392,26741.96484,-178.2368317,-0.4068098068,1697386463232,0.06453951448,0.7668893933,0.6612129211,5.337326527
671956416,27176.2207,19.2213192,-0.2016298324,1697412939776,0.3199542463,0.2731607258,0.02891347557,-1.009620905
671946048,27087.80273,-90.17487335,-0.06349316984,1697420279808,1.080940604,0.8435117602,-0.1158394888,7.960755348
671940672,27034.49805,20.99735451,0.4446420074,1697418444800,1.14335227,0.8460400105,0.5135403275,6.373542309
671942592,27054.08008,153.1553192,0.4401720166,1697399963648,0.6692643762,0.4352696836,0.4413727224,-0.5963208675
671933376,27110.88477,321.9479065,0.9000496864,1697396424704,0.634524405,0.32047382,0.4020574689,-4.064324856
671933248,27125.84961,338.4273071,1.080585837,1697405730816,0.4178280532,0.3817791641,0.3655397296,-5.330133915
671934400,27130.33203,94.74560547,0.363181293,1697416216576,0.685697794,0.4803083241,0.08055048436,-3.441399097
671933120,27062.79102,-166.3736877,-0.2693830132,1697409400832,0.9683581591,0.7967756391,-0.280326426,5.553239346
671934080,26983.79297,164.8198547,0.9531905055,1697401667584,0.9884460568,1.076716661,0.2879215479,3.928056479
671932608,27030.44336,385.1844177,1.440864205,1697391443968,0.741453886,0.624612987,-0.1938350797,0.08315252513
671855296,26854.13477,-114.9362869,-0.1714413613,1697350811648,0.02039565146,0.1256283671,-1.021213293,2.26255393
671852544,26819.34766,-22.19643211,0.03605138138,1697345568768,0.007876742631,0.1967686862,-0.821341753,1.398731828
671862400,26827.29492,49.6294632,0.159960255,1697364312064,0.1398488581,0.2492099106,-0.2307321131,0.3407669365
671874816,26831.94922,-170.1444702,-0.5071556568,1697383710720,0.6274341941,0.592820704,0.1755315661,4.212416172
671893952,26789.59766,76.78900146,0.6359387636,1697382924288,0.7502694726,1.01384747,1.02526772,3.182067633
671884864,26803.17188,103.080986,0.5474230647,1697377288192,0.5028104782,0.6520597339,0.9524180889,1.143944383
671867008,26805.00586,84.99471283,0.2683312297,1697376370688,0.273997575,0.32940045,0.607414484,-0.3798493445
671867520,26836.76367,90.27690887,0.2840190828,1697381220352,0.1842691302,0.3069204986,0.3823679984,-1.447206974
671867840,26816.08398,-59.5334053,-0.09597457945,1697379516416,0.3078073561,0.4620913267,0.5278161764,2.320432186
671884032,26761.41211,-127.5207977,-0.1325897425,1697387380736,0.5744226575,0.9593025446,1.270361185,3.975092173
671911616,26992.78516,41.14643478,0.02987465635,1697399832576,0.5138517618,0.3548414111,0.2226631939,-0.6482316852
671924288,27010.43359,409.8058777,1.60450232,1697398390784,1.101045012,-0.04710322246,-1.258517623,2.676479816
671908800,27039.06836,-13.55210495,1.003255844,1697398915072,0.6631820202,-0.1651430428,-1.426578164,7.928538322
671912448,27066.41016,221.1981201,0.8287393451,1697388560384,0.8716630936,0.2688846588,0.6102711558,-2.895678282
671915392,27018.125,-115.7271576,-1.238886714,1697397997568,1.553084493,0.4827671051,0.05244063959,-5.357889175
671936448,27137.58398,-20.72831535,-0.5297192931,1697410187264,1.212761045,0.1599093378,0.3566243351,-5.486735344
671942464,27110.05859,-212.5438232,-0.3288418055,1697413464064,1.087172151,0.4589681923,0.01569591835,4.999795914
671946432,27083.0918,328.5989685,1.153173685,1697398390784,0.8514685631,0.3971907198,1.007032871,0.195051223
671956736,27148.88086,96.37391663,-0.08614075929,1697402716160,1.058244944,0.4746666253,0.4736738801,-3.247812748
671955840,27192.95313,357.0785828,0.9850919843,1697405599744,0.7675235868,0.3911522627,0.7589029074,-5.491223335
671887424,26939.89453,-17.73404884,0.04944277927,1697377943552,0.0201764144,0.1920539141,-0.4296185672,1.475188971
671880448,26907.75781,40.45181274,0.2862549126,1697379254272,0.009673137218,0.1882395595,-0.610681355,4.549542427
671887744,26870.50781,82.76068115,0.3574348688,1697390002176,0.01298934966,0.289080888,-0.09202843904,5.38674736
671887424,26871.73242,49.30079651,0.161832124,1697391312896,0.009587109089,0.2660790086,0.1338757873,3.965666533
671882304,26863.35742,-13.55340767,-0.05678245053,1697389477888,-0.004230350256,0.2704204917,0.2636282742,3.825521708
671879360,26852.10156,-11.52192879,-0.05577882752,1697389740032,-0.009193908423,0.3256271183,0.4486759603,3.786212921
671884928,26831.92773,114.3723679,0.3140626252,1697397604352,0.001695841551,0.5003973246,0.8109957576,3.18185997
671880896,26771.23242,-24.74233437,-0.06553645432,1697394982912,-0.01786268875,0.6967437267,1.15124774,4.923873901
671890048,26733.20703,-19.00368118,0.01586157829,1697396817920,-0.01013888046,0.9801643491,1.482686996,4.892088413
671881024,26741.94922,-31.9810257,-0.07753800601,1697392230400,-0.02294762805,0.8694120049,1.233623624,3.720555782
671959360,27209.47852,-66.78233337,-0.2238811553,1697414905856,0.02517216094,0.5970050693,0.1696851254,3.105095625
671947072,27163.56641,-13.78420639,0.0403916575,1697400881152,0.01418387517,0.420738399,-0.5545691252,2.865512371
671947712,27179.05078,-50.19387054,-0.095266819,1697396555776,-0.007442895323,0.2172129601,-0.731248498,0.7869228125
671945856,27165.29102,-83.04071045,-0.2328711599,1697399046144,-0.02888969705,0.1251797974,-0.9206057787,-1.223130226
671943552,27104.46484,-119.4269333,-0.1588939726,1697395900416,0.1993887424,0.5046947598,-1.070847511,7.373379707
671973056,26996.83984,-340.5767822,-0.6590977907,1697426702336,0.6325753927,1.578243017,0.3913802803,14.43205452
671960896,26994.38477,-344.7266541,-1.024136782,1697405730816,-0.05256585404,1.090304136,0.3423616886,6.199525833
671945152,27123.63477,-73.42418671,-0.2583876848,1697395376128,-0.1171923131,0.1897148192,-1.172355294,0.616612792
671950080,27195.83984,37.43423462,0.1644866616,1697405468672,-0.1133074164,0.1904295534,-1.178609967,-1.858815432
671945472,27189.39258,-12.09819317,0.06797815114,1697410056192,-0.08714829385,0.08421760052,-1.598255277,-2.517935038
671889728,26913.87305,-71.07250977,-0.1516512483,1697383841792,0.07321489602,0.2553090155,-0.02411982045,1.857524395
671896128,26916.06055,-50.63915253,-0.06846493483,1697392623616,0.01540466771,0.3883199096,0.02420827001,5.290867329
671898432,26861.48047,6.183747292,0.2005390078,1697392492544,0.01113032922,0.6425520778,0.08016554266,7.6900177
671908032,26769.75781,-134.8083954,-0.2309592068,1697395900416,0.0677280575,1.297791243,0.8884917498,8.134918213
671917248,26764.82617,-378.3651733,-1.153388977,1697404551168,0.3826521635,1.658443928,1.261689663,4.443631649
671922112,26865.86133,-255.3193665,-0.5504636765,1697414250496,1.199477196,1.294480801,0.1810937375,7.94516468
671921664,26874.50781,131.493927,0.906501174,1697391706112,0.7264498472,1.052982807,0.1776123494,5.124423504
671908160,26889.6582,76.09259796,0.3818576634,1697385021440,0.3803462088,0.6752868295,-0.1545795947,1.190567732
671897856,26930.88867,-29.66832161,-0.1618378162,1697385152512,-0.02086969092,0.3125519454,-0.5870584249,-1.228570819
671897536,26981.74805,-46.59387589,-0.1350768507,1697394851840,-0.0678037703,0.2769593298,-0.5470560789,-2.595041752
671888960,26937.33984,-65.82929993,-0.08636118472,1697379516416,0.01524498314,0.2535433471,-0.4154803157,3.115051031
671894464,26923.93945,-27.97465706,-0.02805158682,1697391312896,0.0176727958,0.244294703,-0.05774207041,3.646805525
671893632,26924.89648,23.44445801,0.1176348701,1697392492544,0.01318680495,0.2328013182,-0.1327337474,3.684741974
671887296,26906.12695,39.00071335,0.2278333902,1697383317504,0.01950436458,0.2388239652,-0.3474979699,4.848912239
671892416,26827.2793,18.81122398,0.2470633537,1697389215744,0.06987784058,0.6426865458,0.1398952901,6.285647869
671903168,26725.67383,-139.5839233,-0.1110222042,1697394327552,0.1199285239,1.323972106,1.004780889,7.548826218
671895424,26738.68945,-228.1896973,-0.562294662,1697386463232,-0.02484954521,1.233361125,0.7629905343,4.427292347
671880960,26772.41211,-117.9149857,-0.4017468989,1697386594304,-0.09975717962,0.8726943731,0.8168738484,1.457299232
671874880,26825.25195,-14.37610054,-0.07559039444,1697391443968,-0.07168552279,0.6071527004,0.5157538056,0.8830623627
671881536,26835.40039,9.831356049,0.03936589509,1697387511808,-0.04986458644,0.5001044273,0.2008899152,3.046452522
671845120,26815.875,-45.04468918,0.02450288832,1697345961984,0.07728996128,0.1357153505,-1.022861958,0.8910189867
671829824,26791.37695,-26.06142235,0.1553884447,1697320271872,0.01968010888,0.1562024206,-1.463002801,2.036801338
671854912,26780.5332,7.955976963,0.09751633555,1697339801600,0.01377636567,0.3181539774,-0.3028725982,0.487565428
671864832,26782.68555,6.406193256,0.01152466144,1697356972032,0.03246979415,0.3252196014,0.3025981784,1.44394207
671872704,26763.61328,-49.24274063,-0.1678075492,1697370341376,0.04244884476,0.4752376974,0.7268554568,2.326472759
671874496,26785.65234,-28.98334694,-0.1516878903,1697374666752,0.01651423797,0.3910366297,0.7032781839,1.781377077
671873920,26750.99609,-137.7747498,-0.4079138339,1697379516416,0.02232068777,0.597358942,1.033869505,4.229393959
671881536,26700.46875,-166.6654968,-0.4162410498,1697384497152,0.07329876721,0.937590003,1.516042352,5.401166916
671891200,26642.07813,-244.7533112,-0.5290684104,1697387905024,0.05419613793,1.368890882,2.011536121,6.002432346
671888960,26630.63477,-328.8387756,-0.902086854,1697388691456,-0.05130086467,1.429914951,2.088656187,4.653445244
671904768,26971.53125,44.38951111,0.0005551314098,1697398390784,0.6465536356,0.3245860338,0.1684074104,-0.9672622681
671927104,27025.54883,-80.06932831,0.1201856136,1697407041536,0.922144413,0.6166068316,-0.3804095387,7.591712475
671916864,27010.92383,15.59130573,0.06682884693,1697412153344,1.449455142,0.7507330179,0.05607661977,2.156930923
671912768,26987.92773,225.6242371,0.4111216068,1697403633664,1.484555125,0.630330503,0.3831748366,-1.945514679
671915840,27045.77539,221.3857574,0.9962027669,1697409269760,1.157915473,0.1376057714,-0.3034873307,-0.9653847218
671911424,26941.92383,198.1568451,1.137670994,1697392623616,0.9620252848,0.6220907569,-0.09937692434,2.362375736
671912128,26957.26953,501.767395,1.821212053,1697388560384,1.075806022,0.6897193193,0.5965253711,-1.608338833
671903936,26955.31445,491.0404358,1.481096148,1697386987520,1.079518199,0.5022926927,0.434081912,-2.755078316
671904768,26982.64844,362.8219604,1.166516066,1697393016832,0.8607901335,0.4618792534,0.7659071684,-3.357708931
671905920,26981.22461,112.1029282,0.467861414,1697401536512,1.052124262,0.574090302,0.5223697424,-1.212967277
671863360,26837.14844,40.12316895,0.06894997507,1697384103936,0.9517798424,0.2913060784,-0.2623870671,-1.561882854
671841088,26805.21875,350.1212769,2.25320673,1697372962816,0.8418771029,-0.5470746756,-2.608802319,6.993606091
671841152,26783.63867,245.4339294,1.38222301,1697358807040,0.6959819794,0.2378180325,-1.294251442,-0.4155507982
671835072,26718.51172,110.4509506,0.4648432136,1697359200256,1.023178697,0.256262362,0.387948662,-4.093513966
671850880,26791.91016,254.588562,0.8181435466,1697370603520,1.077107072,0.3104099333,0.6847227812,-3.564190388
671858240,26809.10938,218.9983215,0.8001362681,1697373618176,0.9425038695,0.2871679962,0.5526173115,-2.335995197
671867200,26827.10156,8.832715988,0.1553678364,1697385283584,1.157911181,0.5482770801,0.6755095124,-0.9495089054
671879808,26806.07227,62.65842438,0.5018648505,1697384890368,1.136440873,0.8070031404,0.808185041,0.3166954815
671879296,26749.75391,254.6382294,1.259489536,1697373880320,0.9581658244,0.805175066,1.030734897,-0.7871714234
671862592,26764.95508,265.8899536,1.007380366,1697370210304,0.9262778759,0.444832176,0.8391900063,-2.515407085
671938112,27095.72656,36.36614609,-0.04153830558,1697407827968,0.3944457769,0.3492572606,0.239865467,-0.2348500341
671949312,27092.25391,-134.8063202,-0.1972553432,1697414512640,0.8642372489,0.7817379236,-0.2535374761,8.909342766
671953024,27045.62109,7.934247494,0.2072488964,1697414512640,0.8344497681,0.8824598789,0.6326729059,5.742846489
671934400,27043.125,-172.4501801,-0.7757883072,1697396817920,0.2031450421,0.3910799026,-0.4973002076,0.9087409377
671927104,27074.93555,-38.64808655,-0.2920749784,1697394196480,-0.08932964504,0.1728314459,-0.7374427319,-2.198515415
671937856,27151.75586,-14.46390915,-0.05181839317,1697405992960,-0.08800087869,0.1501554996,-0.7039136291,-3.587208748
671933184,27145.89258,-67.36673737,-0.1468918025,1697401667584,-0.05102625117,0.04186848551,-1.149359703,-2.134894848
671935168,27133.91797,-84.7111969,-0.10511484,1697391575040,-0.01491848007,0.1022871807,-1.403022766,2.561978102
671940416,27058.32031,-61.52560043,0.04608863965,1697393147904,0.05012306198,0.5582283139,-1.048508048,6.114896297
671953280,26959.67578,-336.1839294,-0.8292254806,1697407172608,0.3627805412,1.305300236,-0.3193117976,9.033890724
671973696,27249.81641,-161.5433044,-0.6181389689,1697417003008,0.01751363277,0.5571212173,0.1798744649,2.649458647
671958272,27193.47461,-62.74910736,-0.07614117861,1697399046144,0.01046806946,0.6283681989,-0.7056907415,4.65648222
671960192,27135.11914,-71.46474457,-0.03385404497,1697394589696,0.01166322082,0.7292880416,-0.6532582045,6.108850002
671968256,27003.66211,-301.3836365,-0.7320929766,1697415954432,0.5546917319,1.501976252,-0.1497465819,12.46226883
671972736,26933.76367,-256.6760864,-0.4844552577,1697422245888,0.6424368024,1.633033752,0.7325515151,12.62744331
671958336,26986.09961,-338.4937439,-1.1313622,1697402716160,-0.1221399158,0.9356810451,0.1127800196,4.544480324
671939520,27105.32227,-60.466465,-0.2265737206,1697394065408,-0.1277356744,0.1891568452,-1.150486588,-0.5306242704
671953216,27207.21094,-20.67381477,-0.03040271252,1697409269760,-0.09720677137,0.1422616094,-1.216489553,-2.874857903
671945792,27202.87695,-114.0681686,-0.2930939496,1697411235840,-0.06437894702,0.01234242041,-1.575210333,-2.661134005
671937600,27167.2832,-97.6964035,-0.1803350896,1697401536512,-0.04360297695,0.03675213084,-1.618269324,0.267485708
671955904,27178.18164,-113.7974472,-0.472853452,1697411104768,0.02403421327,0.4521377981,0.1777823716,1.952757359
671956800,27181.24414,-132.4996948,-0.5733208656,1697398390784,0.08604022115,0.5140532851,-0.6860297322,3.182373047
671966144,27083.96484,-144.6809998,-0.4802956879,1697417527296,1.02214551,1.244616032,-0.4461403191,10.55798244
671960000,26984.64648,-0.3772892058,0.2491125166,1697423556608,1.375163674,1.219371796,0.1171949208,10.2088089
671965632,27092.25586,472.4747925,1.606510639,1697399701504,0.6632789969,0.4705455601,0.8703386784,0.6014758348
671959616,27184.05664,353.6055298,1.004460931,1697397604352,0.3394464254,0.1766185015,-0.4126096964,-2.188588619
671960512,27235.93945,368.0695496,1.10436058,1697407303680,0.2652779818,0.2196760327,0.1623256952,-5.431427002
671960576,27235.07227,97.97280121,0.2979264557,1697418706944,0.5151901245,0.3638626039,-0.1148886457,-3.996501446
671956608,27178.57617,-160.6593933,-0.398924917,1697413464064,0.9342989326,0.5541174412,-0.2560056448,4.721232414
671964352,27110.36914,206.946991,0.8628332019,1697407172608,0.8797766566,0.726545155,0.612121582,3.651087999
671907136,26977.43945,85.92654419,0.2010537982,1697401143296,0.6522242427,0.3466511667,0.2606305778,-1.425410748
671920320,26990.7832,-144.082077,-0.07916793227,1697406255104,0.818171978,0.6385324001,-0.3401283622,8.476612091
671918016,26994.44727,27.51545715,0.2050579488,1697400881152,0.9050658345,0.6783651114,0.4766176641,1.789311409
671910080,27002.51953,240.3434448,0.4741570652,1697390264320,0.9440294504,0.2865178585,-0.05068143085,-2.67580986
671913792,27040.61328,253.1090088,0.7108813524,1697398784000,0.6503938437,0.3855415583,0.6524449587,-4.45449543
671912960,27039.64648,-12.84484196,0.03257302195,1697412022272,0.8305431604,0.4867394567,0.2218820006,-2.42200017
671916224,27006.29102,-18.81454277,0.1395115852,1697402454016,1.069128394,0.6571022868,-0.02046932653,3.153995514
671918016,26924.75586,289.2711487,1.403496265,1697390919680,0.9056963325,0.9635888338,0.4708428383,1.853473663
671912000,26939.48438,394.7327881,1.546233296,1697385938944,0.8234502673,0.6601800323,0.4392485917,-0.2115177065
671906048,26975.2207,422.3686523,1.471170545,1697387511808,0.693870306,0.4296118319,0.4853147566,-2.210592747
671819648,26757.63281,-10.29883671,-0.1371606737,1697352384512,1.110258341,0.19333978,-1.085720062,-3.608149767
671818624,26835.81836,-92.3817215,0.3900337815,1697309786112,0.8017470837,-0.2513912022,-3.42226553,2.032204866
671851904,26823.92578,423.8267517,1.721298814,1697320140800,0.7685090899,0.368596822,-0.5795391798,-5.500410557
671855168,26835.2793,355.0869751,1.313535929,1697342291968,1.001025319,0.3922231197,0.3780846894,-5.393531322
671852800,26810.67578,304.7606812,1.034841657,1697351073792,1.021927834,0.3505641222,0.6886358261,-5.250671387
671857984,26845.30273,197.6829987,0.7611342072,1697359200256,0.8447417021,0.2857728302,0.6347835064,-5.263151646
671869184,26855.48242,129.9692535,0.5660051703,1697367326720,0.9415227771,0.4236822426,0.7564077973,-3.028203964
671878848,26812.47266,136.6123505,0.7281804085,1697370734592,1.001173377,0.7035292387,1.196640253,-1.450064301
671881984,26770.37109,232.2507324,1.170296431,1697367982080,0.9001284838,0.7951158881,1.442766309,-1.380182624
671873536,26754.73047,238.3424988,1.080502987,1697367195648,0.8474263549,0.6689497232,1.406859636,-2.241207123
671892864,26919.43555,81.05602264,0.1124875695,1697399701504,0.967930913,0.3361967206,0.1252601296,-1.800461173
671897920,26958.10742,30.65014267,1.102292776,1697393410048,0.7486558557,0.04263110831,-1.595979929,8.743642807
671881664,26944.38477,131.030304,0.7235566378,1697401929728,1.458492279,0.6122055054,-0.1499963552,0.8315973282
671877568,26882.77148,355.4559631,1.203502417,1697379385344,1.139531851,0.3152962327,0.09746094793,-3.552942276
671889728,26915.57227,215.6947327,0.2461457402,1697396686848,1.635674357,0.4636736214,0.4687337875,-4.178724766
671897024,26980.27734,-164.8104248,-0.1481339484,1697405992960,1.078774929,0.04502211511,-0.8147602677,1.975391865
671898816,26919.85352,-39.29268265,0.2299612314,1697396293632,1.17733705,0.7388306856,-0.07211877406,1.873901367
671889664,26867.08594,457.4189148,1.751768947,1697376763904,0.9673413634,0.5273202658,0.1159552857,-2.495387316
671883520,26892.25,340.7203369,0.8295949697,1697383448576,1.260187864,0.4188292325,0.1677713692,-3.856972456
671890880,26946.56055,-33.37065887,-0.137810573,1697398915072,1.100083113,0.4228289425,0.499162674,-2.586947441
671889152,26892.78711,379.9859619,0.8293532133,1697397473280,1.333366513,0.08121883869,-0.2122574002,-6.38426733
671894912,27003.0957,51.92370224,1.449545145,1697389346816,0.5313674212,-0.2944758832,-1.595996141,8.137014389
671884480,26931.4707,253.367157,1.17360878,1697374273536,0.6382700801,0.3341726661,-0.3770883679,-1.950724244
671867712,26841.04297,-145.4698181,-0.759824574,1697379385344,1.13062346,0.3953173161,0.4588230848,-5.279396057
671877248,26886.72266,216.3595428,0.5334318876,1697384103936,1.118840218,0.4342737198,0.8245646954,-4.220781326
671883392,26928.5332,4.292137623,0.03675494716,1697397473280,1.185878396,0.3773016334,0.4787783623,-3.022739887
671893952,26893.55469,-36.89986038,0.1101723686,1697396424704,1.261335015,0.7384027839,0.290368408,1.342161298
671895168,26834.38281,248.7518005,1.241533041,1697382924288,1.020975232,0.8977975845,0.5083581805,0.2136145532
671877696,26833.06445,286.0939941,1.008535981,1697375453184,0.9878596663,0.4928307235,0.3593064547,-2.475095034
671874048,26872.34961,222.2215118,0.6984382868,1697383710720,1.032322884,0.4586596489,0.9166197181,-4.038215637
671883648,26903.56641,22.07558441,0.06702167541,1697384103936,0.3755744994,0.2752157152,-0.04550117999,-0.3350607753
671877312,26881.75977,187.4673309,1.089272261,1697393934336,1.146820664,0.2615542412,-0.847528398,4.179135799
671886784,26866.07422,182.7537079,1.106291652,1697385021440,0.8851272464,0.5278656483,-0.2586014271,2.160516739
671878016,26860.27734,96.96044159,0.3746278584,1697381089280,0.8881619573,0.3610010147,0.2677675784,-2.269598246
671880640,26901.37305,249.6703949,0.6461120248,1697385152512,1.087263227,0.4161036313,0.6723515987,-3.810979605
671880128,26922.72656,-88.84346008,-0.3039315343,1697399177216,1.025786996,0.4279184639,0.4193064868,-2.538275003
671892352,26885.14648,-92.71194458,-0.03174288571,1697396686848,1.110364079,0.7753452063,0.1832412481,2.908175468
671898624,26828.30859,231.2307739,1.272506714,1697383841792,0.9204674959,1.01002121,0.6099854112,1.370219469
671882752,26847.86523,230.8677673,0.8948647976,1697379254272,0.8826652169,0.5660213232,0.5593640804,-1.334453583
671876544,26870.39258,259.5571899,0.9177345634,1697382531072,0.7942847013,0.4050550461,0.6878840923,-3.298131466
671847104,26814.19531,-57.25907516,-0.1816341877,1697365753856,0.6749244928,0.2529987693,-0.6201869845,-0.8214476705
671844608,26824.55078,51.59919357,0.8355903625,1697365098496,1.069751859,-0.01443798933,-1.886011243,4.63398838
671859136,26827.12891,408.4938354,1.739143729,1697356054528,0.8766602874,0.3627162576,-0.5200565457,-2.004731655
671855488,26824.94922,344.9811096,1.163702726,1697366933504,1.171313882,0.4130935967,0.5327166915,-3.556256533
671856256,26805.60352,365.7945557,1.152792335,1697371389952,1.238990545,0.4220828116,0.8502548337,-3.389009953
671864832,26823.37891,153.49823,0.5907979012,1697380827136,1.180071115,0.4874469936,0.7198364735,-1.779217482
671880576,26806.39844,291.8119507,1.232005239,1697378467840,1.105801105,0.6833470464,0.995129168,-1.029726148
671885952,26803.51563,209.8984985,0.9996677041,1697382924288,1.185900331,0.8590476513,1.18545258,-0.5664734244
671881088,26757.39063,281.3807373,1.31023562,1697374666752,0.9537360668,0.7939651012,1.166646838,-1.017887831
671874944,26748.23828,290.9991455,1.263493538,1697372176384,0.9008508921,0.7386419177,1.285153866,-2.000216722
671896128,26964.375,-6.605968952,0.0962825194,1697387642880,0.01358020306,0.2377634048,-0.392565608,2.343002796
671894272,26946.96094,69.42529297,0.3114887476,1697393410048,0.0191876106,0.1607031524,-0.4508990645,3.86537075
671897920,26945.61719,82.98030853,0.2910065353,1697395769344,0.01779843122,0.1974897236,-0.1942922175,2.982515335
671895104,26943.79492,90.52084351,0.2991003692,1697392754688,0.002249132842,0.2493696362,-0.1662515551,1.202586412
671890048,26929.80469,67.41411591,0.2304893434,1697395507200,-0.0117710121,0.3090957105,-0.1534317583,1.368288398
671885248,26912.27148,38.58019638,0.1785854101,1697397342208,-0.01450574771,0.336101234,-0.2114443481,3.907241583
671885952,26882.3457,52.43903732,0.2288677841,1697392754688,-0.01622540876,0.4191463292,-0.07008362561,4.090143204
671889920,26821.91211,44.95539474,0.2007775754,1697398128640,-0.02143799141,0.7008787394,0.613845706,4.585294724
671890752,26795.68555,103.9244156,0.341098696,1697396686848,-0.02008615807,0.8455733061,0.9425228834,3.106239796
671889984,26767.21094,93.10575867,0.2642654181,1697400750080,-0.03361700103,1.000377893,1.489664078,3.121931076
671892416,26922.72461,144.4446411,0.3077813089,1697399177216,1.042017937,0.2643674016,0.04985352978,-3.040771961
671884160,26931.94727,-11.85635281,1.038200021,1697389215744,0.6938630939,-0.1030046344,-1.939824462,8.525438309
671877568,26884.92578,316.4042664,1.427377224,1697371783168,0.6206580997,0.3866454959,-0.5134140253,-1.143891573
671865920,26847.95898,34.88350677,-0.01473001484,1697378336768,1.055619478,0.4595177472,0.4127003551,-3.645377874
671874368,26892.52539,192.1244507,0.435593605,1697388953600,1.252526283,0.5555586219,1.007784247,-3.871085882
671880640,26912.5293,-110.9858856,-0.3172739446,1697399701504,1.211024642,0.5179203153,0.3432216644,-0.1682233363
671890432,26860.28125,145.1965637,0.7773103118,1697388691456,1.10091722,0.7787029147,0.4206897914,0.6882358193
671886144,26810.09961,334.9046631,1.456756234,1697377157120,0.9866771102,0.7973731756,0.7514303923,-1.02151227
671872576,26799.04688,279.7365723,1.091460824,1697376370688,0.9738482833,0.5884045959,0.7537030578,-2.210615396
671871552,26826.41211,96.31090546,0.4699141383,1697385283584,1.003129721,0.6156275272,0.8654766083,-1.945283532
671889664,26910.13281,258.4553833,0.6465802789,1697399832576,1.197912216,0.2148541361,-0.09486965835,-3.958052635
671891648,26960.29297,-24.96072769,1.11124599,1697389215744,0.5995979309,-0.08025798202,-1.890720844,9.08272934
671885184,26913.16797,319.4205933,1.401859045,1697373880320,0.6378374696,0.3953278065,-0.3724994659,-1.800184608
671873152,26870.81055,7.271395206,-0.1943506747,1697380433920,1.083561897,0.4673858881,0.3057006598,-4.094922066
671881088,26911.33008,225.6777039,0.5625210404,1697384890368,1.032658339,0.445436269,0.7659388781,-4.189473152
671883008,26924.66797,-37.54396057,-0.02543247119,1697395900416,0.8807625771,0.4043885171,0.3775082231,-2.783782244
671894400,26899.57813,-147.4093628,-0.2432929575,1697399177216,1.215961933,0.7994513512,0.2942705452,2.049123049
671896064,26849.41992,271.5232544,1.313168645,1697384628224,1.046013117,0.9159942269,0.474734813,0.3092885613
671879360,26852.16211,352.7867126,1.322711349,1697375977472,0.9988661408,0.5017148852,0.2806307375,-1.977510333
671878784,26892.9082,292.051178,0.8338822722,1697386463232,1.203634858,0.4774320722,0.6434070468,-3.65020895
671901248,26948.24414,82.64097595,0.02126938477,1697401405440,0.9269994497,0.3262462914,0.219161436,-2.42563653
671913664,26995.53125,12.85124111,0.9145590067,1697397997568,0.7854444385,0.2004263401,-1.222108483,8.619606018
671903744,26998.11914,220.635376,0.9309173822,1697390919680,0.9504790902,0.5005174875,0.1887344271,-0.8882573843
671899456,26966.22266,149.2110901,0.02258543111,1697387511808,1.254646897,0.4130542278,-0.005812306423,-4.116595268
671925504,27098.41992,110.5955658,-0.2002758384,1697407696896,1.429755569,0.3043673933,0.8047884703,-6.095890522
671930496,27044.71484,-66.10190582,-0.04102515429,1697407696896,1.14473927,0.5281202197,0.2093136758,2.223735094
671934528,26961.56055,161.8950195,0.8426778316,1697399701504,0.9776946902,0.8744720817,0.5475550294,3.298641682
671933696,27012.61328,269.3208618,0.8375954032,1697392230400,0.9179268479,0.5448628068,0.3263210058,-1.539132357
671930816,27093.0957,381.7983704,1.071640015,1697394327552,0.8766432405,0.2743107378,0.4959730804,-5.060471058
671931712,27107.1543,170.3196716,0.5512331128,1697405992960,0.5704454184,0.3383370042,0.4070107639,-5.611177921
671951232,27125.45313,445.9101868,0.9326924086,1697416085504,1.182699084,0.04601360857,-0.1231433079,-6.018979549
671954880,27151.11719,-75.62727356,0.658007741,1697405730816,0.5857751966,0.1760589778,-1.065076709,10.77747345
671954048,27189.59375,269.1530151,0.774490118,1697400356864,0.6328320503,0.089294523,1.275677085,-2.047840595
671959104,27223.57813,122.3565674,-0.07443643361,1697405206528,1.027304769,0.3632898927,0.4666371942,-4.35840559
671963328,27259.44336,162.5728912,0.04296084121,1697423425536,1.305203795,0.6453239918,1.278814316,-5.955877304
671957440,27206.14453,-63.5942955,-0.0495076552,1697423294464,1.031832576,0.2335493416,-0.3772465289,0.3120795488
671954944,27135.26953,-1.156005979,0.1666096598,1697410973696,0.9702454209,0.593521893,0.4953996539,4.29163456
671968384,27186.16016,346.3887024,1.016373038,1697405468672,0.9023812413,0.4811676145,0.8306463957,-0.758595407
671973504,27242.84961,392.864563,0.9685099721,1697410187264,0.9972036481,0.5648456812,0.7026757002,-4.10992527
671975552,27281.25,421.2088928,1.212362289,1697419624448,0.7963171601,0.4836144447,0.723775208,-5.626834393
671921472,27034.29688,91.1218338,0.1267066002,1697404813312,0.6153648496,0.3015227318,0.2488196939,-1.789666414
671905344,26989.49414,-105.2135773,0.1984084994,1697407434752,1.055430412,0.4708912373,-0.5277981162,7.689285755
671902144,26938.60352,320.8200073,1.388522267,1697390526464,0.8102481961,0.4875261486,0.14247033,1.1676476
671895040,26931.76758,233.7976227,0.7690722942,1697387249664,0.9157092571,0.4284644127,0.6277105808,-2.050860405
671892096,26952.11914,309.9975281,0.88357234,1697393278976,1.096873164,0.543615222,1.103177786,-3.217969418
671889344,26942.61523,131.6963196,0.4805598855,1697395113984,0.8697456121,0.3909597397,0.4349204004,-0.875033915
671895808,26910.4375,153.8348999,0.7157431841,1697391837184,0.9394267201,0.604511559,0.5114060044,1.564718366
671904448,26874.75977,244.8040314,1.140576005,1697388953600,0.9446989298,0.8458557129,0.9840327501,1.084617019
671902784,26856.63477,267.0121765,1.246593475,1697386201088,0.9789736867,0.9311645031,1.224641442,0.3954632282
671897600,26823.88086,277.6200867,1.248266101,1697383317504,0.9034541249,0.9192323089,1.340440869,-0.0001913714805
671841408,26821.37695,-88.59317017,-0.06282808632,1697336393728,0.02626612969,0.1147762313,-1.380540609,1.9687953
671844096,26818.79688,37.91295242,0.2559040487,1697363656704,0.9195609689,0.3247844279,-0.5798852444,-1.079869032
671868352,26857.53125,-57.02806854,0.1696938574,1697375453184,1.007202268,0.3213713467,-0.8624238968,2.489071131
671869888,26818.34961,369.5978394,1.572506785,1697362477056,0.8025741577,0.4339110851,0.1315695494,-1.675179958
671864704,26829.92969,240.7139282,0.8891780972,1697367457792,0.8258726001,0.2647999525,0.604657352,-2.56622839
671868288,26860.70898,263.2324829,0.9240881205,1697373487104,0.7455617785,0.229728654,0.6944747567,-2.7197721
671867712,26861.40234,110.6007156,0.4882772565,1697378467840,0.6445777416,0.3040418625,0.589749217,-1.894324064
671875136,26839.31445,54.33796692,0.4050678909,1697380040704,0.7970373631,0.5489538312,0.7460755706,0.6883828044
671887360,26783.26953,21.39366913,0.4934697449,1697382137856,0.8547107577,0.9816581011,1.302099466,1.892680287
671887808,26755.44141,137.2386169,0.9217485189,1697377812480,0.8235763311,1.042001963,1.586559296,0.6836562753
671912064,26991.10352,-31.49616814,-0.05532309413,1697391837184,0.01977272704,0.3752161264,-0.05350493267,2.694970131
671928064,27033.32031,-35.69392776,-0.04768624529,1697395638272,0.003920532763,0.5198580623,-0.2178699076,4.329586506
671939136,26952.68945,-30.18578529,0.2325890064,1697397211136,0.1058424562,1.173074841,-0.2413399518,9.8036623
671960640,26825.56641,-380.0920715,-0.7645267844,1697419100160,0.4972605407,2.102237463,0.81118536,15.08555031
671952384,26825.64258,-501.8433228,-1.424316645,1697409662976,-0.03678156063,1.665908337,0.9501152635,8.617420197
671926592,26932.7832,-308.8683167,-1.019961715,1697395900416,-0.1922643483,0.7512068152,-0.3636561036,-0.4302888513
671926976,27077.11133,-100.3987808,-0.3087635934,1697408090112,-0.09754423797,0.2997536659,-0.7926531434,-4.001354218
671918016,27083.57227,-83.59142303,-0.1795288324,1697406255104,-0.04545477405,0.1203452423,-1.314317465,-2.598987341
671914368,27047.59766,-75.28981018,-0.06926714629,1697390919680,0.0006015226245,0.1737151891,-1.467661858,2.574881792
671926080,26948.86133,-266.7697144,-0.486756444,1697400619008,0.2674641907,1.038746476,-0.8741425872,8.925330162
671971968,27251.12305,-50.57082367,-0.5257868767,1697414512640,0.279486388,0.2878207266,-0.2342154086,-0.5644939542
671971072,27171.29688,-73.71186829,-0.3398101926,1697413857280,1.039971232,0.7522346377,-0.6461693048,6.993839264
671964864,27095.68945,-32.36138916,0.2589870989,1697423556608,1.212105274,0.9087100625,0.4185083508,9.441789627
671973504,27167.73633,463.1402588,1.438902617,1697405206528,0.6612426639,0.2809385657,1.125459671,-0.7966586947
671966272,27218.27734,185.150116,0.3589783013,1697402716160,0.4368237257,0.1906488836,-0.2043823898,-2.825449228
671955712,27210.91211,290.715332,0.8863043189,1697403895808,0.1311327368,0.2254595011,-0.2254172713,-4.303984165
671959168,27235.9043,32.14881516,0.04002540559,1697421197312,0.5470821261,0.3847755492,-0.1018505469,-4.456373692
671951680,27158.41406,-211.5870209,-0.5501973629,1697412153344,0.9139630198,0.5604662895,-0.4276944399,5.668488503
671958976,27079.91797,169.2432556,0.7827438116,1697407303680,0.8885421157,0.7977289557,0.4459275007,4.623633385
671962432,27161.51367,249.6711273,0.7734823823,1697401143296,0.4782565832,0.4213203192,-0.6485856175,0.7202571034
671918848,27013.9082,75.63954163,0.04858314991,1697405337600,0.763230443,0.361281544,0.2744340301,-1.430924892
671903808,26973.72656,141.512146,1.363492131,1697399046144,0.8451972008,0.06868749112,-1.325573802,7.701292992
671891456,26932.43555,187.4193573,1.065978765,1697384497152,0.7344801426,0.4415543973,-0.2825280428,0.6101158857
671887488,26904.07617,48.47492981,0.05813730136,1697384890368,1.028185487,0.3946157396,0.5123010874,-3.374345779
671891520,26938.29492,310.3768921,0.8099191785,1697388298240,1.14031744,0.5009859204,0.9186997414,-3.85773325
671891904,26959.90234,160.8396454,0.502045095,1697396817920,0.9793259501,0.3933345377,0.6747536063,-3.697137356
671896256,26945.08984,-101.2637329,-0.1872292757,1697401405440,1.205020189,0.5679943562,0.2065538913,1.114270806
671902208,26867.78906,300.5939331,1.383209467,1697387511808,1.037726641,0.8369259238,0.5401650667,0.5846763849
671896512,26842.54102,352.4505615,1.472963691,1697380564992,0.9135071635,0.7234293818,0.7346688509,-0.6918330789
671888256,26890.89063,420.6036377,1.43371439,1697381089280,0.9985703826,0.451066792,0.4939100444,-2.654170036
671936256,27090.16797,97.84938049,0.07117149234,1697409531904,0.636413455,0.30428195,0.2393960804,-1.91594696
671939008,27081.82422,-40.68591309,0.3824112117,1697410842624,0.9203554392,0.5164575577,-0.440602839,8.423352242
671937408,27094.00781,206.0456848,0.7621788979,1697402454016,0.9094060659,0.437335521,0.7724632025,0.304382056
671935296,27097.00781,162.4674835,0.1506075114,1697398259712,0.9909577966,0.296598196,0.1867403686,-3.484177828
671947392,27183.62891,337.2532043,0.8220946789,1697408221184,0.9113497734,0.3294605017,0.9312288761,-6.174106598
671947968,27180.71289,0.3276372552,-0.02494779974,1697417134080,0.8805897832,0.4048944712,0.2678829432,-2.848848581
671948672,27096.88867,-83.54198456,-0.07144694775,1697412284416,1.099874377,0.7500752807,0.03093920276,5.674114227
671957376,27054,349.3757629,1.38174355,1697401929728,0.8438335657,0.799963057,0.6526466608,2.580702305
671946304,27122.83008,448.4499207,1.308372498,1697397473280,0.9452646971,0.2622525394,-0.4402691722,-2.406947851
671957504,27215.25,-94.62526703,-0.7229871154,1697430765568,1.314556956,0.6051897407,0.4550792575,-5.272630692
671938752,27073.64648,364.5638733,0.7105731964,1697412939776,1.197262883,0.1294241548,-0.05972274393,-4.883844376
671948352,27138.40625,-20.99773598,0.9991933703,1697403502592,0.5427410603,0.1105032265,-1.141441107,10.5088768
671939648,27149.73828,239.3947144,0.7689813972,1697397473280,0.7351396084,0.2078416198,0.9893743396,-2.041606903
671948416,27149.09766,-15.56036472,-0.658644557,1697404944384,1.170699954,0.4920037091,0.6254997253,-5.076560497
671953728,27200.95313,260.8923645,0.316631794,1697416740864,1.360755324,0.665504694,1.325581789,-5.920857906
671950912,27171.90039,-67.04292297,-0.07527132332,1697420935168,0.9556801319,0.3848781288,-0.08299654722,-0.4200932086
671948864,27088.77344,88.26628113,0.5091286898,1697407172608,1.028892756,0.7441723347,0.4999604523,3.312531233
671954240,27119.74609,479.5097046,1.601011634,1697397866496,0.8737568259,0.5348160863,0.3767481446,-0.8009521961
671951104,27174.90625,363.0071716,0.7655920386,1697411366912,1.290206194,0.5105728507,0.3188367784,-4.468108177
671955840,27177.75391,-66.78967285,-0.1504365951,1697416740864,0.9834273458,0.5212806463,-0.0622866638,1.900485277
671924032,27034.4043,75.57871246,0.04164563492,1697406910464,0.7031018734,0.32695508,0.2212222219,-1.433201432
671939200,27079.17578,225.4420471,1.406744838,1697401667584,0.8546202183,0.06865612417,-1.283450961,7.100744247
671934016,27097.72852,38.09739685,0.3513272405,1697402978304,0.8704960346,0.4196839035,0.5086858273,1.448565483
671938304,27107.91797,-11.24049568,-0.4095310867,1697399963648,1.01292634,0.2960987389,0.5285705924,-3.65496254
671945728,27163.6875,255.3888702,0.3946209848,1697405337600,1.163902402,0.4802436829,1.063763022,-5.433504105
671952000,27200.81836,188.4268494,0.4326245785,1697417658368,0.9930170178,0.3215887845,0.6324568987,-5.727988243
671949376,27179.41211,-139.5662231,-0.3481961191,1697416347648,1.19278121,0.4343501329,0.06320040673,2.271663427
671949376,27106.57813,53.39758682,0.3219769001,1697412546560,1.246717095,0.6649982333,0.3986507058,3.720111609
671950656,27124.58984,512.0512695,1.604700565,1697397997568,0.9589727521,0.3949020803,0.3142801225,-1.292272091
671967808,27216.60156,451.6894531,1.045642257,1697408614400,1.061468959,0.491376251,0.6906732917,-5.386940956
671938880,27101.68945,4.193640232,-0.09877648205,1697405206528,0.2113310695,0.3807836175,0.274184078,0.6595912576
671955840,27121.68945,90.27496338,0.07385767996,1697415430144,1.173143864,0.5972800255,-0.1959011406,2.671469212
671954112,27088.95703,-80.47950745,0.1669650227,1697414905856,0.980940938,0.6620487571,-0.1081237793,9.386652946
671954496,27138.13477,285.2601624,0.8759139776,1697402191872,0.7281137705,0.3011069,1.056864619,-0.6071276069
671954560,27184.4668,294.0526123,0.6588010192,1697400487936,0.8243976235,0.261906147,0.16364263,-3.656700373
671961472,27236.5918,428.883606,1.305542111,1697408876544,0.5270031691,0.2978506088,0.4532526135,-5.454887867
671961984,27244.71289,43.14841843,0.09515108913,1697423687680,0.8172592521,0.4109187126,0.2279433459,-3.999064207
671957056,27149.83203,-107.8393631,-0.1675639153,1697412808704,0.9875838757,0.6721812487,-0.05038452893,5.402102947
671964032,27085.63477,215.0197601,0.9408051372,1697407041536,0.8378614783,0.8296015263,0.6328806877,4.097017288
671964352,27152.94141,196.1351776,0.5645535588,1697402322944,0.5338189602,0.4887536764,-0.3869370818,0.2028752565
671892096,26929.44336,88.35352325,0.2403992116,1697399570432,0.9068083763,0.3146342933,0.07645529509,-2.098403454
671895808,26955.54688,-2.045976877,0.8726279736,1697393803264,0.8096146584,0.03406570852,-1.646162033,8.237453461
671886016,26916.09961,327.0931702,1.462512493,1697376501760,0.6952317953,0.4726570249,-0.4629627466,-0.8347930908
671874048,26870.01367,32.80291367,-0.06069676951,1697380433920,1.043572545,0.4180045426,0.3514855802,-3.891421795
671888576,26946.94141,274.9135437,0.7404525876,1697389871104,1.157833099,0.4756302536,0.9180045128,-3.981562614
671891136,26937.64844,-62.15952682,-0.1572698504,1697399439360,1.147913218,0.5450168848,0.2964734733,0.001863518497
671901504,26887.28906,27.48387718,0.3783823848,1697395769344,1.15566206,0.931704998,0.3586738408,2.007357836
671896384,26823.57227,352.804657,1.537742972,1697378467840,0.9178094864,0.8220288754,0.621355176,-0.5857876539
671885184,26863.92969,332.7259216,1.139976263,1697378598912,0.8618038893,0.4565776289,0.5788254738,-2.630487204
671885440,26930.08008,236.4595337,0.7820342779,1697389215744,0.8819044828,0.3914919496,0.9270085096,-4.387611389
671917184,27016.16211,139.0155792,0.294865638,1697409531904,0.9332361817,0.3758727312,0.2845935822,-2.472537756
671924224,27052.54297,69.63205719,1.032094002,1697399701504,0.8062051535,0.04034960642,-1.409818172,8.175723076
671917824,27031.41406,261.6008301,1.142279863,1697391312896,0.7641245723,0.4231746495,0.2020371854,-0.3006546199
671916992,27030.38281,95.95727539,-0.1350685209,1697395507200,1.252903342,0.4645071626,0.1965696514,-3.792741299
671933376,27117.34766,150.5828552,-0.04699191824,1697415168000,1.506095648,0.6041074991,1.10889411,-5.54236269
671932608,27081.05078,-116.9815369,-0.07320391387,1697410973696,1.044575334,0.3820127249,-0.5154814124,4.790113926
671934464,27012.68164,287.0419006,1.238507509,1697395638272,0.9383788109,0.766557157,0.6456145048,1.171241403
671938496,27057.82031,345.3851929,1.018245935,1697394982912,0.9515528679,0.578846693,0.3577983975,-2.1822927
671940992,27146.25586,315.925415,0.7487251759,1697407959040,1.12943542,0.5476252437,1.041146755,-5.310695171
671947200,27173.47266,-57.07043076,-0.2222342938,1697426440192,1.179921865,0.3497354388,0.03710686788,-3.343218803
671895616,26966.14453,-46.05478668,-0.03906456009,1697385152512,0.01769955456,0.2613528371,-0.4092794657,3.329975128
671919808,27021.96484,-41.69480515,-0.125118047,1697398259712,0.02334425971,0.2712202072,0.006769974716,2.423717737
671914176,27029.48633,8.922591209,0.07341191173,1697387773952,0.00703182444,0.1783144176,-0.3940587938,1.415086031
671915264,27025.22656,13.7698679,0.1099041477,1697385152512,-0.002959106117,0.1662377864,-0.6406229734,1.504473329
671915840,26963.13672,-1.782800198,0.1865679622,1697384497152,0.1093401611,0.5237970948,-0.5946574807,5.893329144
671934080,26856.83008,-282.066803,-0.5339701176,1697404157952,0.5122846365,1.498082638,0.2918387651,9.735126495
671934400,26834.03516,-278.7331848,-0.6058586836,1697395900416,0.177261889,1.460009456,0.4050834179,6.818863869
671913408,26936.85938,-177.9046631,-0.6304657459,1697386987520,-0.1609808207,0.4775441885,-0.9456939697,1.607156992
671920896,27051.79297,-55.96248245,-0.1900214702,1697399963648,-0.1247583777,0.3269448578,-0.5600053668,-2.00696373
671918720,27061.99023,-49.6395607,-0.1383234113,1697405337600,-0.1106348485,0.1780278236,-0.9339188933,-3.435995102
671871424,26890.86914,-71.5039444,-0.06761882454,1697366278144,0.01881243289,0.1849853396,-0.6763734818,2.518619776
671878208,26861.87891,-27.13236427,-0.005904014688,1697379647488,0.011913497,0.2726344466,-0.20116359,3.804246902
671878720,26852.63672,24.10704231,0.1825460345,1697382793216,0.008664060384,0.2693214417,-0.1361844242,5.977443218
671887104,26799.64258,19.2734623,0.2172513306,1697389215744,0.01787668467,0.5782909989,0.3469485044,6.909016609
671893504,26764.65625,-106.4274445,-0.1798663735,1697389084672,0.0256407503,0.9632217288,0.707369566,5.193442822
671890560,26737.74414,-187.4089508,-0.4942146242,1697385938944,-0.007313054055,1.101093411,1.031675935,3.730289221
671889856,26739.08984,-188.0918274,-0.4624481499,1697386463232,-0.002231478691,1.08626318,1.058669448,4.319692612
671895040,26720.86328,-205.1326294,-0.3958261609,1697389084672,0.1572670639,1.332761407,1.132464647,5.541172981
671894528,26646.82813,-330.5714111,-0.6692222953,1697389477888,0.2298441082,1.736514568,1.611883044,6.303050041
671888832,26635.44922,-317.5428162,-0.7501900792,1697386463232,-0.008589129895,1.631197572,1.592903137,4.681472301
671972224,27210.55664,512.2022705,0.9530909657,1697418313728,1.200787783,-0.1003473848,-0.7318174243,-6.429791927
671966208,27219.625,-104.7450485,0.488959074,1697403109376,0.5800591707,0.0780743137,-1.039680123,10.25270748
671966912,27246.4707,209.1355438,0.4819329679,1697407041536,0.6887177825,0.02033172548,1.599460244,-2.154147387
671985536,27299.92578,-58.56292343,-0.8280832767,1697416609792,1.047941327,0.3388625979,0.9689195156,-5.301925182
671974272,27299.95117,233.6893463,0.2858072221,1697424343040,1.344599724,0.5774965882,1.381226063,-6.484956264
671964608,27243.51563,-95.42736816,-0.3154942393,1697424343040,1.008650064,0.2684209347,-0.1813408285,-1.105535865
671955456,27145.96875,-88.49279022,-0.1496501118,1697413595136,1.11386776,0.622564435,0.3147781789,5.066170692
671970560,27168.72461,499.813385,1.617248297,1697404026880,0.8315600753,0.4144018292,0.8578215837,-0.1485567689
671978624,27256.58008,495.9723816,1.41684866,1697405337600,0.8688206673,0.397218883,0.02502715588,-2.651618958
671982144,27312.68945,457.0277405,1.325468302,1697418182656,0.7849555016,0.4689314067,0.6595574617,-5.30559063
671895424,26942.62109,6.107827187,0.01201322582,1697391050752,0.3750839829,0.2901655138,-0.01824679598,-0.09077322483
671903360,26933.16016,-141.629715,-0.1343397647,1697403895808,0.8877068758,0.7111898661,-0.3605000675,7.827475548
671905600,26890.04883,137.7193909,0.8349859118,1697395900416,0.800227344,0.8256251216,0.2265513986,3.649678707
671894656,26917.88281,127.5657043,0.4260036349,1697386725376,0.6274712682,0.4336636364,0.04985315353,-0.7877628207
671892480,26955.56445,290.5280762,0.902803123,1697390526464,0.6748188138,0.385427773,0.6127244234,-3.113003492
671895104,26979.1543,74.99751282,0.1862825304,1697406255104,1.062092662,0.4663054049,0.5012642145,-3.422937632
671900288,26953.26367,-136.2650299,-0.2520926893,1697399701504,0.9866749048,0.546286881,-0.1517664641,3.159730673
671903552,26870.24609,262.8337402,1.354589462,1697386594304,0.8877331018,0.9577011466,0.4208273888,1.530889153
671895104,26850.22266,295.143158,1.289916396,1697382400000,0.8487002254,0.7791271806,0.6369332671,-0.1627106667
671889920,26886.36328,393.2483826,1.479779243,1697382006784,0.7559307218,0.48848176,0.6383621693,-1.877265334
671875584,26871.58203,177.1921082,0.4566777647,1697394196480,1.15405345,0.2383810729,-0.1444017589,-3.414219141
671877056,26918.16016,16.6420269,1.189008951,1697385283584,0.6607173681,-0.2115072161,-2.123019695,8.223884583
671868096,26860.63086,300.1231995,1.430727601,1697366933504,0.624928236,0.4320446253,-0.8031972647,-1.658768654
671854336,26813.02734,-36.23599625,-0.2510046363,1697375059968,1.136853933,0.5015622377,0.3181698322,-4.252577782
671867840,26850.47852,271.5611572,0.6954712272,1697381089280,1.201603174,0.503754437,0.7457675338,-3.718746185
671872960,26890.36523,-73.106987,-0.1808856428,1697393541120,1.053313851,0.4101634622,0.4138755202,-2.153338432
671884608,26847.33984,64.57537079,0.4739301205,1697388953600,1.136975646,0.7484079599,0.4370396137,0.5214157701
671888128,26790.23242,269.4468079,1.335806012,1697378074624,0.9509658217,0.8833830953,0.7187277079,-0.2255840898
671875008,26798.30469,276.8558655,1.113607645,1697373618176,0.966776371,0.6248432994,0.6769252419,-2.045481205
671862272,26812.01563,132.1954498,0.4859892428,1697380302848,0.9657105207,0.4944441915,0.868655622,-3.437039137
671967168,27203.75586,261.0927124,0.2422372252,1697420410880,1.060595155,0.1336510926,-0.20113644,-4.641396046
671962880,27191.79688,44.84009933,1.018740773,1697405337600,0.6119712591,0.07338891923,-1.130558133,9.275319099
671962176,27218.06836,217.9685211,0.6316139102,1697405730816,0.8040855527,0.1251885742,1.421791196,-0.9192557335
671962432,27207.19531,97.99915314,-0.317851454,1697408090112,1.240840435,0.4121493101,0.4180193543,-3.895996094
671974784,27275.87305,243.8227386,0.2676079869,1697420148736,1.163058639,0.4743461311,0.8516633511,-5.766824245
671969856,27246.26758,-96.57328033,-0.1799395978,1697425784832,1.009821415,0.3289081454,-0.06212190911,-0.2170508355
671959488,27146.63086,18.82540703,0.179646641,1697412939776,1.078419805,0.5788337588,0.5998322368,4.247724533
671984960,27221.21484,490.6300964,1.450883269,1697410318336,0.8949528337,0.4501591623,1.010127068,-1.019916773
671972736,27260.44141,278.2185669,0.5184610486,1697419624448,1.19422853,0.5201947689,0.6533830166,-5.322795391
671967808,27251.9082,-39.69014359,-0.1974478215,1697428799488,1.041927457,0.34642151,-0.06696566939,-2.502639055
671954752,27169.01172,107.0865936,-0.1577145904,1697415954432,0.8871399164,0.2772405446,0.1295479834,-3.290651321
671959744,27143.78516,-25.31921768,0.4259345531,1697410973696,0.8316528201,0.4137066603,-0.6668682694,9.957928658
671950912,27179.18555,-14.99187469,-0.2584655583,1697415430144,1.177616,0.4182390571,1.030785084,-0.5748741031
671953344,27169.68164,325.6030884,0.4879221618,1697401274368,1.244176745,0.2578253746,-0.0004386437358,-3.745581865
671977152,27297.60938,150.0407104,0.02088656463,1697426046976,1.237478018,0.2466042042,0.5070661306,-6.564764977
671965312,27145.82227,-52.33918762,0.06152660027,1697415954432,1.050714016,0.6670299172,0.001516580814,6.969239712
671962624,27122.45703,309.1772766,1.044558406,1697407041536,0.9301538467,0.5522341728,1.029141307,1.795897007
671955968,27160.23633,285.815033,0.3588424325,1697412939776,1.46156311,0.4373036921,-0.4214867949,-3.464880943
671969664,27262.1543,-8.854228973,-0.1799244732,1697428799488,1.100453258,0.1298079789,-0.1245548651,-4.862948895
671947776,27133.81641,-254.2485962,-0.4422675967,1697411497984,0.9395948648,0.4576555789,-0.5422713161,8.664136887
671892992,26931.87109,65.20225525,0.1091532856,1697398259712,0.8585349321,0.331674099,0.1092873141,-1.701088071
671902720,26966.7832,40.8335762,0.955738008,1697395507200,0.8587229252,0.1225791946,-1.418730736,8.111671448
671897280,26953.81641,308.116394,1.357613802,1697382531072,0.8011876345,0.4862333834,-0.088950634,-0.7755174041
671885952,26906.94727,57.69742203,-0.04207527637,1697383841792,1.03942132,0.3806350827,0.3236705661,-3.927027464
671896704,26972.99609,319.3855896,0.9375924468,1697389084672,0.9720218778,0.3980737627,0.8284671903,-4.152460098
671895424,26954.36328,-21.37690163,0.02148056775,1697397997568,0.8668823242,0.5094418526,0.3985266685,-1.630112171
671902464,26923.85742,-14.4444952,0.2101754248,1697396293632,1.027469158,0.78622365,0.23457928,2.230605841
671905536,26870.94336,268.2062683,1.276162744,1697386594304,1.000812888,0.973487556,0.6302072406,0.7590143681
671891776,26869.78906,355.0145569,1.330643892,1697378598912,0.9284869432,0.603875339,0.3750647604,-1.449756265
671890176,26909.44336,267.7986755,0.9327613711,1697386856448,0.8861367106,0.53988415,0.8044506907,-3.335600138
671867008,26852.83398,-27.60909653,-0.03209386766,1697375191040,0.4043500125,0.2466451228,-0.3448542953,0.3648721278
671873024,26862.73633,40.93194962,0.5362433791,1697391575040,1.199545741,0.4563618302,-0.6100569963,5.014751434
671878976,26857.17773,254.2177124,1.278091788,1697382006784,0.9749081135,0.5706439018,-0.3936627209,1.415726662
671867200,26839.07813,243.3083344,0.875423491,1697374666752,0.9888916612,0.3296476305,0.2280964255,-2.671566248
671868928,26846.41992,308.7402954,0.9225606322,1697379647488,1.064558029,0.4009199142,0.8100249171,-3.351474047
671872832,26892.27539,88.53863525,0.3108970225,1697389740032,0.897133708,0.3333298266,0.672703743,-3.142940998
671881856,26880.4668,-44.60765457,-0.01167226769,1697393016832,1.123865366,0.5682492256,0.5447224975,0.6273770928
671889408,26815.31055,240.7493439,1.155096292,1697384366080,1.004787445,0.7770751715,0.8954492807,0.6461079121
671888832,26817.92969,269.3825684,1.237912416,1697380171776,0.9957517982,0.7917622328,1.062384963,-0.4418010116
671874560,26789.90039,264.039978,1.089971185,1697376501760,0.9477178454,0.6221342087,1.005164266,-1.000912189
671927680,27023.98828,525.8049927,1.293092728,1697407696896,1.23246026,-0.09831435233,-0.4857897758,-6.070356369
671936256,27122.26563,-47.90185928,1.067606091,1697399832576,0.4613070488,0.01708190143,-1.252479076,9.632897377
671923904,27075.16016,307.2313843,1.12319231,1697387905024,0.6172909737,0.2516592145,0.3717239797,-2.020279646
671922880,27047.41797,-33.81855011,-0.577722311,1697396555776,1.101736426,0.4834173322,0.5991460681,-4.969338417
671930176,27111.00977,262.896637,0.5018523932,1697406255104,1.259147763,0.5845526457,1.164331555,-4.82126236
671936384,27127.79102,-40.87939072,-0.06661978364,1697418444800,1.188216686,0.2434892058,-0.23104693,-1.490328908
671928256,27036.64648,-135.5389709,-0.15480946,1697405206528,0.9808086753,0.6626374125,-0.2493821532,4.867451191
671937792,27027.69141,451.9602966,1.646580458,1697394065408,0.8433275819,0.6446664929,0.4399762452,-0.8057957888
671937472,27089.89258,390.3996887,1.169603586,1697394589696,0.9312435985,0.5302495956,0.3000381887,-2.560652494
671940800,27146.33594,329.8395691,0.9455519915,1697406124032,0.8677613735,0.4979200065,0.7638282776,-4.521454334
671885824,26908.14453,140.5974274,0.3337087929,1697399046144,1.078770161,0.2504250705,0.08765428513,-3.522748232
671894912,26940.45898,-130.2351379,0.3355785012,1697392230400,0.7613500357,0.1917225718,-1.558435917,8.684835434
671890368,26894.96289,265.958374,1.259021282,1697378467840,0.5926601291,0.4700165689,-0.06511506438,-0.08629785478
671886720,26923.49609,161.9633942,0.2888351381,1697385021440,1.141248345,0.491430521,0.1221685708,-3.327942133
671885568,26921.39844,259.7117004,0.7773746848,1697384235008,0.8420962095,0.3554780185,0.543979764,-3.22067976
671886400,26927.69141,36.6603775,0.2013612241,1697395638272,0.8904902339,0.5114097595,0.562290132,-2.604062557
671897216,26927.49219,-12.70269871,0.15907906,1697396817920,1.13460362,0.6397428513,0.2813108861,1.11819911
671900416,26860.42578,240.559433,1.217895389,1697386201088,0.9974684715,0.9230906963,0.5765218735,0.7638629079
671893568,26808.72852,268.0834656,1.319985509,1697379123200,0.882358551,0.9456865788,0.7946326733,-0.09676476568
671883520,26862.61719,421.3377991,1.502570033,1697378598912,0.9487558007,0.5217933059,0.4801601171,-2.579373121
671854464,26773.72461,524.0154419,1.702500343,1697382924288,1.28546226,-0.1009790078,-0.8769595027,-6.070851803
671855424,26872.58398,-74.545578,1.086601734,1697374797824,0.5461733937,-0.3314893246,-2.444256067,7.883934975
671851264,26804.73438,273.5006104,1.386611581,1697355268096,0.5425968766,0.3873980343,-1.298851013,-2.313253641
671833408,26735.73047,-68.66191101,-0.233160913,1697362608128,1.031950235,0.4521712959,0.1087907776,-4.792769432
671851712,26809.35156,157.9769745,0.4025691748,1697378598912,1.280383229,0.4542424381,0.5880145431,-3.716925621
671863232,26842.91602,-196.5221558,-0.55352211,1697391443968,1.183817267,0.509000361,0.1418848187,0.02653356455
671880832,26821.56055,141.5663452,0.7903587818,1697381613568,0.9966999888,0.7641713023,0.2890194356,0.04768711329
671873920,26769.08984,236.9922791,1.047986865,1697377943552,1.170401812,0.8308216333,0.5500034094,-1.189404488
671858368,26711.50586,162.2394562,0.8063323498,1697371258880,1.031804562,0.6877977252,0.6937904954,-2.133429289
671862016,26723.45117,120.0714035,0.6876243949,1697375846400,1.045922041,0.7584143877,0.924992919,-1.696606994
671945344,27068.41992,861.6334229,2.368403196,1697409400832,1.190805197,-0.4403061867,-1.030009747,-8.319522858
671953856,27174.37695,-150.8219452,0.4848557115,1697402322944,0.4761689305,0.07664190978,-1.154804826,9.838575363
671944448,27172.31055,213.1494293,0.6212633848,1697398915072,0.7309892774,0.160333842,1.161438584,-2.381331444
671953792,27177.14844,-15.99659443,-0.7375663519,1697405468672,1.204568028,0.4501722753,0.6109493971,-5.299277782
671966784,27274.60156,87.61802673,-0.3121626973,1697425915904,1.493736625,0.4812533557,1.186890483,-6.699742317
671953344,27153.63672,-107.4316711,0.08410215378,1697414512640,0.8767654896,0.333929956,-0.7760937214,7.21480751
671960640,27151.80078,197.5105438,0.7077473402,1697407041536,0.8877192736,0.4715690613,1.328769445,1.166174173
671982080,27254.56445,224.3000641,0.3403289616,1697410187264,1.001378536,0.4716341794,0.6107379198,-2.933753014
671973184,27263.82227,488.5798645,1.429811716,1697409662976,0.8353663087,0.4666869938,0.8302376866,-4.74804306
671971328,27267.4707,277.4895935,0.8180587292,1697421721600,0.8019819856,0.467299372,0.5395799279,-4.805302143
671889984,26943.99414,-68.55213928,-0.1044328809,1697381613568,0.01730619371,0.2513605058,-0.3467201889,2.786091328
671883072,26923.26758,-5.189127922,0.0964153707,1697382400000,0.01248820871,0.162934497,-0.5238195658,4.080465794
671890624,26926.64453,56.84337616,0.2044007331,1697389740032,0.01610689238,0.1543381661,-0.2049139887,3.381841183
671890304,26922.19922,74.07572937,0.2469726503,1697390133248,0.01398684084,0.1960874647,-0.09992699325,2.717840672
671889984,26898.04297,91.28884125,0.2632575631,1697392492544,0.002724830061,0.296045661,0.1103067696,2.013245106
671883264,26872.23633,47.69977951,0.1547054946,1697389477888,-0.01014484838,0.3525603712,0.2094984055,3.222912312
671885376,26821.2168,33.44557571,0.1291064322,1697394065408,-0.01548231021,0.5550865531,0.6443344951,4.641273499
671886656,26780.7832,40.66090393,0.1679440737,1697392230400,-0.01326044276,0.78781569,0.9576960206,3.890533447
671893248,26727.23633,-8.449053764,-0.006833806634,1697397604352,-0.02352688834,1.09616828,1.73869133,3.877528906
671889984,26746.19336,77.05939484,0.1984020472,1697392492544,-0.04706870392,1.005766511,1.565372348,1.989135385
671954688,27192.76172,-73.74414063,-0.2599844038,1697413595136,0.02433321252,0.5389970541,-0.01530849189,3.003148317
671952768,27196.38477,-92.46922302,-0.2500978112,1697400619008,0.01477066055,0.4146353602,-0.651304841,2.6537714
671952064,27205.44922,-107.3979263,-0.2883013487,1697396424704,-0.008588124067,0.194622457,-0.9009767771,0.5801392794
671947392,27176.9668,-107.8658066,-0.2609671056,1697392361472,-0.00007663667202,0.09981482476,-1.118507981,1.382578731
671956544,27090.43359,-162.8880768,-0.2393825352,1697405206528,0.3369345665,0.8305505514,-0.9219935536,9.895516396
671964416,26982.5918,-296.6409302,-0.6837741733,1697414643712,0.4734995067,1.359119058,0.3179360926,10.09211826
671949248,26988.67773,-273.2701416,-0.864608109,1697399570432,-0.02410617843,0.9136858582,-0.4400832951,5.182971954
671937728,27078.47461,-170.1565399,-0.6552240849,1697396555776,-0.2003096342,0.3526136875,-1.114509463,-0.7201458216
671942848,27156.60156,-164.348587,-0.5448229909,1697409531904,-0.1420200616,0.2644257247,-0.8851063251,-3.80920577
671932416,27123.06445,-211.3297729,-0.6115858555,1697397604352,-0.01446885243,0.2159042805,-1.234019876,1.399602771
671929792,27068.25,-11.85385132,-0.1188239679,1697401274368,0.1502223462,0.4105037749,0.231868878,1.133274078
671920896,26998.53711,181.5125885,0.4951576591,1697412546560,1.269310713,0.4872798026,-0.1223506182,0.7823095322
671914816,27020.99023,-78.74832153,0.7594022751,1697399963648,0.6423931122,0.07277552038,-1.679960847,10.39203644
671910336,27013.42383,353.8818359,1.391287565,1697383710720,0.6452456713,0.3873184621,-0.02388964966,-1.507523179
671913152,27016.64258,106.8589706,-0.2526283562,1697394982912,1.343059659,0.5198684931,-0.002417620504,-4.285155773
671928256,27090.77344,91.99221039,0.04916891083,1697404813312,1.038172603,0.4029472768,0.5542671084,-3.716456175
671934464,27046.73633,-131.551712,-0.2484821677,1697412022272,1.167586565,0.7931003571,0.3189932406,3.469361305
671942464,26963.55469,249.4458771,1.169772983,1697401405440,0.9899018407,1.005596876,0.7097444534,3.404056311
671936704,27040.21289,317.9448853,1.006192803,1697393278976,0.952241838,0.6081055999,0.3587658107,-1.573502183
671936704,27108.12695,436.8369141,1.304678679,1697397080064,0.7910084724,0.363171041,0.4991672039,-4.407274723
671967168,27219.61914,80.73039246,-0.2689346075,1697419231232,0.8305911422,0.1825001985,-0.2171448916,-3.218423843
671966848,27173.86523,28.19010544,0.6651903987,1697409400832,0.821936667,0.3381977677,-0.9024575353,9.562524796
671964928,27207.80859,35.37146378,0.05914821848,1697414643712,0.8941889405,0.3250372708,1.574609756,0.5563508272
671971968,27248.79883,47.80268097,-0.3341731131,1697409007616,0.9459426403,0.2239842415,0.6000396013,-4.01391983
671969472,27288.88867,229.4338379,0.2521154881,1697419624448,1.267144322,0.5525069237,1.410664558,-6.852033615
671967168,27257.80078,-44.18916321,-0.2074787766,1697428406272,1.021862268,0.3169602156,-0.02043068223,-3.111856699
671952832,27161.88867,-205.0414429,-0.4318214357,1697416216576,1.152259111,0.5452575684,-0.0620613955,5.985399723
671972096,27187.17383,418.236084,1.334062815,1697406517248,0.8214880824,0.3295426071,1.1359514,0.2135433406
671984384,27264.67773,283.8460999,0.5667182207,1697410449408,0.9745223522,0.4555246532,0.5186206698,-3.16873765
671981184,27306.85352,431.2966309,1.148226619,1697419100160,0.95531708,0.500449419,0.8904172182,-5.661526203
671945472,27162.02148,-35.30229568,-0.1204905361,1697411104768,0.02227092907,0.4377447069,-0.01157769281,2.194032192
671942272,27149.76172,-60.97999954,-0.158462286,1697397997568,0.01571558043,0.2995859385,-0.6287338138,2.016149521
671942592,27161.67773,-104.0634003,-0.3060958982,1697394327552,-0.01699023321,0.1283998638,-0.8727245927,-0.4053774774
671938240,27149.33203,-99.21504974,-0.2161882669,1697387905024,-0.0006905719638,0.1136457548,-1.115356207,1.861882687
671944320,27075.54297,-141.7714386,-0.2178914845,1697398128640,0.2536554337,0.7411561012,-0.9405212402,8.476471901
671967104,26966.11328,-320.5819092,-0.6902451515,1697419493376,0.5486351252,1.532580853,0.3140818179,12.27904034
671955520,26982.22266,-367.5236816,-1.133716702,1697403633664,-0.07863175869,1.066661716,-0.008463886566,5.595220089
671935616,27079.58008,-118.1210327,-0.4327095449,1697395900416,-0.1695316732,0.2447430938,-1.189715862,-0.1606516093
671941888,27157.96484,-19.74057198,-0.04773847014,1697409007616,-0.1296154708,0.1820867509,-1.073369622,-3.721711159
671936768,27169.30273,-70.85740662,-0.1236476898,1697411891200,-0.07266974449,0.06657737494,-1.562851071,-2.851970673
671915136,27008.78906,-22.75326157,-0.06450328231,1697394327552,0.08503561467,0.364477843,0.09532362223,1.893555403
671902016,26941.13672,-163.7223663,-0.46073699,1697406517248,0.8651841283,0.7249469161,-0.01257717237,5.695585251
671907776,26896.44531,-5.843007088,0.4903361797,1697413332992,1.221521854,0.9367662668,-0.05010760576,9.166928291
671907712,26902.22266,323.5429688,1.352327943,1697388298240,0.6890192628,0.6006760597,0.4305940866,0.593663156
671893440,26919.40625,156.9173737,0.4653967321,1697385938944,0.4764503837,0.3175546825,0.114348799,-1.122107387
671894336,26965.03906,234.4640961,0.7804880142,1697387905024,0.3646518886,0.3042761385,0.3191274703,-2.658915997
671895488,26975.64063,127.6197968,0.4649141729,1697398390784,0.65191257,0.4748470485,0.5201362967,-2.42585206
671898304,26938.25977,-108.4776993,-0.1153288856,1697398259712,0.7813948989,0.7189595699,0.1975001395,3.540060282
671908288,26866.11133,74.40276337,0.7041670084,1697394327552,0.805339396,1.068905234,0.6820203066,3.734798908
671905792,26858.92578,277.5733948,1.298514843,1697385807872,0.7040979266,0.8815551996,0.8779537082,1.0743047
671935808,27106.21484,-67.21672058,-0.2551766336,1697402847232,0.02249762416,0.3559806645,0.07820466161,1.843812227
671945536,27116.44531,-94.49128723,-0.2176234275,1697399963648,0.006202317774,0.5556179881,-0.3503016829,4.861391068
671952448,27030.93555,-87.08885193,-0.02732580155,1697401929728,0.08270600438,1.062324286,-0.2226348668,9.458870888
671968128,26906.77344,-371.7252502,-0.8906120658,1697417658368,0.4690729082,1.882646918,0.5465502739,13.73745918
671970304,26843.69336,-372.2235413,-1.016147852,1697422508032,0.7285555005,1.895678759,0.9449248314,11.5748558
671955840,26921.71875,-265.6134338,-0.7541021109,1697399701504,-0.07488428056,1.147105813,0.3791067898,4.531456947
671942784,27033.96484,-248.7276154,-0.8217656016,1697398784000,-0.1424511075,0.4164560437,-0.6965677738,-2.021119118
671940800,27139.74414,-130.7950897,-0.3858904243,1697408090112,-0.07484745979,0.1124189049,-1.167165995,-3.925976753
671932480,27139.92188,-144.8691711,-0.3484548032,1697401405440,-0.0252491571,0.02745839395,-1.483552694,-0.1243724152
671931904,27065.40039,-79.47505951,0.001562418882,1697390657536,0.0321610868,0.3740405738,-1.263611794,5.829456329
671958272,27141.97461,732.8608398,1.77671957,1697412808704,1.221719861,-0.3327244222,-0.8395651579,-8.416927338
671964736,27220.23242,-73.66652679,0.9283035994,1697405468672,0.4188389182,0.09311583638,-0.8862871528,10.57633114
671960384,27231.57031,259.8181458,0.6649880409,1697402191872,0.6640611291,-0.006914531346,1.500054359,-2.737675667
671968832,27240.69727,-46.51756287,-0.8916067481,1697412022272,1.247387767,0.5005993247,0.7992097139,-5.413520813
671974528,27300.67383,64.05015564,-0.3345289826,1697430503424,1.47953701,0.5182883739,1.16551578,-6.461976051
671959296,27200.13477,-6.20534277,0.3546189666,1697416740864,0.9181378484,0.1084772646,-0.7852529883,3.684782982
671964160,27190.51758,48.71811295,0.2260407209,1697411497984,0.8908961415,0.3979286551,0.9712487459,2.226452112
671977856,27254.44336,135.7626648,0.01293210033,1697410187264,1.01129663,0.3560060859,0.9089507461,-2.610363007
671976640,27283.35938,277.0874939,0.3679153025,1697421066240,1.322704911,0.6973974109,1.257139087,-5.665491104
671975680,27286.07031,80.55457306,0.2068380564,1697427095552,0.9346744418,0.3203800321,0.1537311524,-3.746478558
671891712,26956.61719,-23.09508705,0.03267067298,1697384366080,0.01756228507,0.1906400472,-0.4644572437,2.851521969
671888320,26916.33789,28.53985977,0.1790020913,1697388560384,0.01522535086,0.1967068911,-0.395087868,4.679252625
671895104,26927.07031,82.11457825,0.2643949091,1697389084672,0.01429148391,0.2189401686,-0.1559551507,2.048015356
671890240,26915.33398,41.76958847,0.1439094394,1697388429312,0.0002391524613,0.259221375,-0.1564394236,1.946692348
671888832,26870.89648,9.492590904,0.1498186737,1697389740032,0.01876549423,0.4398527443,-0.09078200907,5.567147255
671900416,26812.44141,-62.22333145,0.0214784313,1697393541120,0.20589073,0.9263772368,0.4046600461,5.970875263
671903104,26727.15625,-204.1711731,-0.2619203329,1697392361472,0.2552720606,1.48765552,1.085414052,6.189825535
671890432,26734.3125,-224.1540833,-0.5857338309,1697387642880,-0.01058376953,1.200822353,0.8487184644,3.866296053
671877312,26785.5293,-40.22778702,-0.2029322833,1697390264320,-0.105557546,0.7940980196,0.7271130085,0.1169850975
671867392,26833.90625,13.04978657,-0.01181679871,1697394982912,-0.07571448386,0.5320017338,0.334730804,0.3482090831
671891456,26936.66602,-17.86758995,0.04148537293,1697381613568,0.0310525205,0.2531721592,-0.2011428475,2.01309371
671880832,26868.17188,26.58255386,0.2124711275,1697383579648,0.1237103939,0.4049575031,-0.191898331,3.947971821
671888128,26823.71289,-122.2826538,-0.1586489677,1697398915072,0.7301421762,0.9965336323,0.1861582547,7.536790848
671903744,26793.26367,5.516718864,0.4368923903,1697396424704,0.7402951121,1.200577855,0.6440438628,5.861614704
671886656,26817.22266,-79.61652374,-0.1883326918,1697385021440,0.1943193078,0.6770889163,0.1377477795,1.98208046
671877184,26866.36914,-24.85894203,-0.1465014219,1697385676800,-0.01620044932,0.356633991,0.01722586341,-0.2078890651
671876288,26888.01758,1.922968864,-0.05148886517,1697395113984,-0.03905096278,0.3386145532,-0.003384487703,-1.717508197
671877120,26886.73438,20.66426277,0.02321967296,1697396686848,-0.0444134362,0.3371093273,-0.1648405641,-1.222164154
671873856,26883.52734,-74.41724396,-0.1769323051,1697387773952,-0.04946460202,0.3328509331,-0.4937456548,2.756191015
671875712,26824.73438,-204.8133545,-0.5004361868,1697387249664,-0.00797361508,0.64261657,-0.2415691763,6.203155041
671907392,26954.53516,353.2648315,0.7983703613,1697404682240,1.257306814,0.1375627518,-0.04105781391,-4.947579861
671909120,27025.65625,13.59844875,1.264175057,1697393278976,0.5375208259,-0.151390478,-1.616717577,9.369475365
671904512,27019.22656,271.7137451,1.116324306,1697384890368,0.8256036639,0.3373689651,0.2335115522,-2.014573812
671893568,26933.55078,-229.3822632,-1.37170279,1697389477888,1.344418287,0.4738298357,0.2379407883,-5.431429386
671928256,27121.39063,1.04596138,-0.5768722296,1697412284416,1.557151318,0.2422151119,0.8507954478,-6.818122864
671933184,27103.75195,-149.7125092,0.02484478429,1697410449408,0.8566446304,0.06891006976,-0.923979342,4.725521088
671928960,27091.91211,-24.5854702,0.07625576109,1697402978304,1.019946456,0.4404478371,0.626149714,0.9827972651
671935360,27099.41211,28.92736816,-0.3382855058,1697396686848,1.140596628,0.3537672162,0.48119241,-3.777428865
671944960,27147.60742,315.4270935,0.6461225748,1697399701504,0.9985926747,0.3512336016,0.9517855048,-5.86618185
671957440,27227.52734,76.05469513,0.04024239257,1697424474112,1.157851815,0.3843184114,0.691084981,-5.825402737
671982784,27302.10938,-212.4102325,-0.7968294621,1697423425536,0.02183769271,0.6171978116,0.125539124,3.267483473
671953984,27166.6582,-25.39178848,-0.05119117722,1697398390784,0.007731676102,0.6086165309,-0.5615897775,3.771824837
671961088,27093.48633,-20.42178345,-0.09738881886,1697415954432,1.015548468,0.9525663257,-0.4295821786,7.695008278
671958400,27049.04102,-38.63890457,0.2473565787,1697420673024,1.066389322,1.013076186,0.1058100611,11.70805454
671959104,27078.23242,334.7350159,1.173453927,1697400750080,0.6125854254,0.5789480805,0.6941482425,2.199311256
671953920,27154.70117,246.6403046,0.6394111514,1697396817920,0.2500439584,0.2551323175,-0.582361877,-1.204638481
671959168,27226.54102,225.3000946,0.6407058835,1697405599744,0.06596568227,0.2389976233,-0.195043996,-4.218986034
671960256,27227.67188,30.78977394,0.0911116302,1697416871936,0.3023067713,0.3016441762,-0.3583966792,-3.399962187
671953024,27165.00391,-153.8776703,-0.4005065858,1697408221184,0.7964251637,0.5169942975,-0.3157389462,4.382563591
671965760,27067.8418,-22.97330856,0.1958987564,1697413726208,0.8690340519,1.021337032,0.5367274284,6.906765461
671941312,27118.52539,-103.8705444,-0.4104165137,1697405337600,0.02553010546,0.4217329025,0.1753215641,1.978855252
671934848,27085.5957,-115.9113998,-0.5355772376,1697415299072,0.6557514668,0.6230002046,0.1155032367,1.173721671
671939200,27043.4375,-57.64003754,0.3151427805,1697413857280,0.954559207,0.6965911388,-0.828201592,12.26307011
671940288,27058.51172,268.6912537,1.094019175,1697400750080,0.8500598669,0.6268239021,0.5477691889,1.794554353
671945152,27120.27734,336.7591553,0.971334219,1697396817920,0.6770705581,0.3307688534,-0.1651061773,-1.554642797
671951168,27185.60352,481.0155334,1.427358985,1697401274368,0.6441995502,0.3542177081,0.5083189607,-4.203580379
671954560,27203.57813,199.3872528,0.6174010038,1697416871936,0.7263193727,0.4930245876,0.435821861,-3.982493162
671949632,27145.52734,-46.84237289,-0.01743655093,1697413464064,1.082309604,0.6700429916,0.0289225243,3.389208555
671948672,27046.07031,181.9751434,0.8357068896,1697407827968,1.129903793,0.9682947993,0.3864111602,3.596025705
671947776,27099.92383,631.833313,2.115531921,1697394851840,0.9176425338,0.4569455385,-0.2240943164,-0.4609538615
671895488,26907.75781,388.6564636,1.032036543,1697399832576,1.258512378,0.0619953908,-0.2640655637,-5.101867676
671907968,26991.63086,-146.3907013,0.5147448778,1697391968256,0.6030540466,0.1141073853,-1.708154082,9.024958611
671900032,26968.46094,268.1497498,1.152148366,1697380302848,0.6168760061,0.3967830241,-0.09019159526,-1.527909756
671889152,26933.30273,28.87639236,-0.1003850251,1697385283584,0.9705887437,0.4176047742,0.3495778441,-3.883905888
671895616,26986.87305,208.6367798,0.5128808618,1697394589696,1.117760062,0.5221546292,1.023716331,-4.095876217
671896576,26958.8125,50.09364319,0.250530988,1697397080064,1.101461053,0.480361551,0.2109235525,-0.5993335247
671903936,26907.08594,-55.95183182,0.09168314934,1697399177216,1.185570478,0.9112717509,0.2896580994,2.350344896
671904128,26856.37109,356.9709167,1.612994075,1697382400000,0.9582337737,0.9333168864,0.6144146323,-0.1321608424
671886784,26898.83984,416.3493958,1.376840591,1697379516416,1.03448534,0.4213780165,0.1836152524,-2.735934496
671890240,26938.85156,223.4882507,0.5685975552,1697393541120,1.261043429,0.418263793,0.4404908717,-3.733992815
671943104,27148.30859,-8.809342384,-0.006630486343,1697410973696,0.02188538387,0.4648264945,0.0672480911,2.614339828
671932032,27096.54297,19.55547523,0.1664975733,1697404944384,0.01663710177,0.3026781678,-0.5055141449,3.220528603
671927040,27093.26172,27.29407692,0.1574540585,1697398915072,-0.00458175689,0.1951739043,-0.6203896403,1.365154147
671925376,27083.99805,20.01900673,0.1260075718,1697399046144,-0.02223082259,0.1249448955,-0.9109449983,-0.5662203431
671917696,27067.93164,-13.23976231,0.07603400201,1697392492544,-0.019197952,0.1069417074,-1.198245764,0.8664440513
671919360,27021.7207,2.742933035,0.193064481,1697390657536,0.0345274806,0.3303790689,-1.106720209,4.31081295
671926272,26914.83789,-154.368454,-0.1690133512,1697398652928,0.2806490958,1.085836649,-0.3621729016,7.307749748
671935232,26827.45508,-280.9529724,-0.4667391777,1697398390784,0.1559166014,1.620124459,0.3000495136,7.886163235
671922112,26928.98438,-203.0602417,-0.5735172033,1697390919680,-0.1101851165,0.81046772,-0.6335977316,2.807891369
671918464,27028.79688,4.12853384,0.0265866369,1697394851840,-0.1083214581,0.3259774745,-0.8037712574,-1.080713153
671932800,27094.125,-85.85574341,-0.2784638703,1697406910464,0.02291319892,0.4872495234,0.1405173689,3.300943613
671938688,27114.94336,-118.2043152,-0.3713703752,1697397866496,0.008379500359,0.4363639057,-0.2726725638,3.120209455
671939904,27123.76758,-84.07706451,-0.1738337129,1697388953600,0.003889586776,0.3276146948,-0.5321980715,3.266441584
671946560,27083.51367,-72.02619934,-0.03345610574,1697389477888,0.06537885219,0.5806509256,-0.5812627077,6.606985092
671964096,26960.41992,-330.108551,-0.7659115195,1697417789440,0.6419218779,1.546693563,0.2069912255,12.52526951
671959360,26925.49023,-272.8450012,-0.6727800369,1697406255104,0.1794114858,1.364996791,0.6772177815,7.904585838
